3202 4862
394 363 427 418 de
445 361 583 431 Cicerone,
602 364 696 419 Asinio
714 365 845 432 Pollione,
864 366 931 420 Gaio
951 365 1045 435 Oppio.
1236 365 1299 430 333

151 535 316 620 exposuit,
339 536 488 602 ahanno
512 537 626 612 693l94
651 555 679 600 u.
703 556 729 602 c.
755 556 807 602 res
835 537 973 604 scribere
995 537 1127 624 incipiat
1157 547 1189 606 et
1211 540 1300 622 quin-

150 645 216 705 tum
238 638 355 704 librum
377 657 461 703 anno
486 638 546 701 719
569 657 599 701 u.
623 657 649 702 c.
675 637 774 720 finiat,
797 638 942 705 Asinium
971 658 1132 722 egressum
1154 663 1175 708 a
1199 641 1301 726 primo

149 738 349 806 triumviratu
378 739 543 820 aliquanto
573 737 668 805 finem
697 738 775 804 belli
796 740 900 807 civilis
923 741 1108 808 Caesariani
1133 743 1300 809 scribendo

149 841 327 909 excessisse
345 844 589 906 consentaneum
606 845 662 906 est.
699 840 777 906 Post
791 841 983 924 Bailleuum,
1006 844 1093 925 qnod
1107 844 1184 928 scio,
1206 864 1300 912 nemo

148 942 199 1009 his
222 942 380 1009 derebus
403 940 586 1025 disputavit.
630 940 789 1021 Equidem
810 965 874 1010 non
900 943 1011 1010 dubito
1034 944 1193 1011 affirmare
1217 967 1300 1012 erro·

147 1064 216 1110 rem
239 1044 291 1109 hic
311 1043 457 1126 subesse,
481 1061 543 1124 quo
564 1041 692 1107 sublato
713 1043 812 1111 totius
833 1045 880 1110 rei
901 1053 1053 1126 quantum
1074 1044 1202 1113 videtur
1216 1068 1303 1114 nova

147 1145 351 1230 praebebitur
372 1144 505 1229 species.

234 1247 261 1313 li
295 1246 349 1328 qui
377 1245 562 1312 existimant
596 1244 777 1330 Appianum
811 1246 914 1312 Asinii
948 1267 1028 1331 opus
1065 1247 1300 1328 quodammodo

147 1349 241 1415 nobis
264 1365 411 1414 servasse
433 1346 574 1412 nituntur
593 1347 675 1413 libro
697 1347 846 1430 secundo,
870 1368 1005 1432 quocum
1027 1348 1191 1413 Plutarchi
1213 1349 1300 1415 vitae

148 1449 297 1516 Caesaris
320 1454 538 1533 campartem,
562 1466 645 1530 quae
674 1448 793 1515 bellum
815 1449 910 1515 civile
933 1448 1083 1532 continet,
1106 1456 1300 1534 comparant.

149 1551 273 1630 Quibus
304 1549 497 1633 comparatis
526 1548 665 1614 dubitari
697 1570 761 1615 non
790 1555 911 1634 potest,
945 1550 1021 1632 quin
1049 1550 1239 1616 Plutarchus
1269 1556 1301 1617 ct

148 1653 315 1739 Appianas
339 1670 379 1717 ex
401 1670 464 1715 uno
487 1648 664 1734 eodemque
680 1650 844 1716 hauserint
858 1651 954 1717 fonte.
992 1650 1058 1718 Sed
1075 1651 1171 1718 liceat
1186 1672 1300 1719 causas
1328 1705 1339 1720 .

148 1754 287 1821 breviter
309 1755 464 1836 repetere,
497 1750 614 1832 quibus
642 1752 691 1817 illi
712 1753 774 1818 viri
796 1753 838 1818 ad
861 1772 932 1818 eam
956 1753 1148 1820 sententiam
1169 1753 1300 1821 adducti

148 1864 235 1939 sunt;
266 1862 340 1922 sunt
362 1859 469 1919 autem
491 1852 606 1919 haece:

234 1957 364 2023 Asinius
386 1955 509 2038 Pollio,
532 1955 621 2020 euius
643 1975 683 2020 ne
707 1953 899 2020 mentionem
921 1954 1050 2035 quidem
1072 1957 1193 2022 faciunt
1215 1978 1298 2023 corn-

151 2058 297 2125 mentarii
332 2055 497 2140 Caesaris,
531 2055 617 2140 apud
648 2055 855 2121 Plutarchum
887 2061 920 2121 et
947 2056 1132 2140 Appianum
1165 2064 1301 2143 apparet

150 2161 312 2241 enitetque
324 2163 356 2234 ¹).
393 2157 519 2224 Deinde
541 2159 629 2224 solus
647 2158 827 2223 nominatur
849 2157 1056 2225 aPlutaroho
1069 2158 1152 2224 inter
1167 2157 1300 2226 comites

149 2261 307 2342 Caesaris,
338 2280 408 2326 eum
436 2259 632 2325 Rubiconem
662 2259 809 2326 traiceret
821 2258 856 2342 ²).
905 2260 987 2324 Tum
1016 2261 1181 2344 Appianus
1209 2260 1298 2326 testi·

148 2363 254 2429 monio
278 2361 382 2426 Asinii
403 2360 528 2446 prolato
549 2380 714 2427 numerum
737 2379 846 2426 eorum
868 2359 1039 2442 praecidit,
1063 2362 1117 2446 qui
1138 2361 1171 2426 in
1190 2381 1299 2444 pugna

146 2464 188 2531 ad
211 2463 401 2529 Pharsalum
423 2461 593 2528 commissa
615 2463 701 2528 caesi
722 2461 842 2544 suntssl.
887 2461 1034 2544 Denique
1054 2462 1243 2530 Plutarchus
1264 2463 1298 2528 in

148 2565 262 2632 codem
283 2563 406 2647 proelio
430 2563 549 2629 dictum
567 2562 715 2628 Caesaris
737 2562 846 2646 affert,
870 2565 972 2647 quod,
995 2570 1030 2630 ut
1049 2564 1219 2631 Suetonius
1242 2563 1298 2629 do-

148 2666 253 2750 cete),
274 2685 377 2750 paene
402 2664 444 2728 ad
467 2665 601 2730 verbum
624 2683 664 2730 ex
686 2662 827 2730 historiis
847 2665 951 2731 Asinii
964 2666 1129 2732 -Pollionis
1152 2665 1297 2750 deprom-

147 2776 236 2853 ptum
260 2768 353 2851 estc).
397 2766 483 2833 Sane
504 2765 715 2848 gravissimae
737 2765 798 2831 hac
821 2769 954 2831 causae!

233 2870 405 2951 Mittamus,
429 2886 559 2951 quaeso,
581 2867 624 2932 ad
647 2873 771 2950 tempus
792 2872 987 2948 postremum
1008 2868 1122 2932 locum.
1159 2864 1297 2932 Consen-

146 2973 191 3039 tio
226 2971 375 3037 historias
409 2967 565 3035 Pollionis
594 2968 835 3034 fundamentum
865 2966 957 3050 quasi
997 2974 1029 3034 et
1060 2967 1232 3032 Plutarcho
1266 2970 1298 3032 et

146 3073 294 3157 Appiano
318 3091 389 3138 esse
411 3068 602 3154 suppositas.
649 3069 714 3136 Sed
743 3089 850 3136 errare
877 3067 954 3133 mihi
976 3069 1140 3152 videntur,
1163 3069 1219 3151 qui
1240 3088 1297 3152 pu·

146 3181 215 3240 tant
250 3182 419 3255 utrumque
449 3172 556 3254 ipsum
588 3171 734 3238 Asinium
761 3170 950 3255 inspexisse.
994 3172 1045 3238 Ne
1081 3171 1152 3252 quis
1188 3170 1300 3235 credat

146 3274 346 3342 levissimam
369 3276 451 3340 hano
472 3294 555 3340 rem:
578 3273 767 3353 videbimus,
791 3269 964 3354 quidinde
987 3273 1114 3337 oriatur.

233 3375 340 3441 Meum
366 3381 414 3442 est
442 3375 633 3442 sententiam
661 3392 767 3439 meam
790 3371 1007 3454 comprobare.
1051 3373 1089 3436 In
1112 3390 1174 3453 quo
1198 3393 1218 3438 a
1240 3372 1295 3437 mi·

145 3477 277 3544 noribus
299 3478 488 3561 progrediar
510 3477 553 3543 ad
575 3476 706 3542 maiora.

233 3576 465 3660 Indagantibus
492 3579 604 3660 nobis,
636 3576 750 3660 quibus
779 3593 821 3639 ex
851 3573 991 3640 fontibus
1021 3573 1155 3659 scriptor
1180 3571 1298 3654 aliquis

146 3681 291 3748 hauserit
313 3699 380 3763 sua,
404 3681 530 3748 exsistit
550 3679 631 3746 haec
653 3679 722 3744 lex:
746 3675 774 3742 si
796 3695 877 3742 unus
891 3674 1042 3755 idemque
1064 3673 1155 3741 testis
1177 3695 1198 3740 a
1219 3675 1296 3741 duo

147 3784 208 3848 bus
230 3781 437 3864 scriptoribus
466 3801 529 3848 uno
559 3781 738 3861 eodemque
766 3779 837 3844 loco
867 3776 1032 3861 profertur,
1058 3780 1171 3843 neuter
1192 3777 1299 3862 ipsum

234 3936 259 3999 1)
277 3931 332 3985 cfr.
350 3931 422 4000 App.
440 3930 468 3984 11
486 3936 518 3984 tc
537 3945 594 3998 sqq.
631 3927 701 3980 Plut.
720 3926 797 3980 Caes.
818 3930 859 3980 32.
879 3930 920 3980 52.

231 4020 258 4082 2)
275 4015 346 4072 Plut.
367 4015 444 4070 Caes.
463 4020 504 4072 32.
617 4015 643 4079 3)
659 4013 687 4066 11
704 4016 745 4067 82.

231 4107 257 4170 4)
274 4102 335 4156 Div.
354 4101 405 4156 Iul.
424 4106 465 4156 30.
620 4101 646 4164 5)
666 4097 743 4152 Caes.
762 4102 802 4153 46.
919 4167 921 4172 ι
