3202 4862
385 371 419 425 de
436 369 576 436 Cicerone,
594 369 689 426 Asinio
707 369 837 436 Pollione,
858 370 926 426 (laio
946 370 1041 440 Oppio.
1233 367 1295 430 339

145 548 256 632 lingua
283 564 375 610 usum
401 562 488 625 esse,
519 561 583 624 qua
607 539 649 608 de
673 561 709 608 re
730 560 772 607 ue
794 561 875 607 unus
898 540 1027 624 quidem
1049 547 1169 610 restare
1191 548 1297 626 potest

146 647 322 731 scrupulus,
346 644 374 712 si
395 643 575 727 fragmenta
596 641 782 728 respicimus
806 648 837 710 et
860 643 1005 728 legimus,
1029 663 1111 726 quae
1126 644 1296 712 Suetonius

146 750 188 816 de
211 753 377 834 grammat.
395 751 433 811 to
449 744 620 811 memoriae
635 743 768 810 tradidit
780 747 812 822 ¹).
846 745 936 824 Quae
951 765 1023 813 cum
1038 745 1085 812 ita
1099 746 1172 831 sint,
1195 747 1295 813 'Phor-
1328 785 1332 794 ·

146 851 250 918 becke
272 849 403 936 primus,
423 846 486 914 nisi
507 845 611 929 fallor,
635 843 853 912 demonstrare
874 847 985 930 voluit,
1010 847 1217 916 Plutarchum
1239 847 1296 915 mi·

145 953 232 1022 nime
255 951 436 1035 discrepare
457 969 478 1014 a
500 946 662 1014 Suetonio.

235 1053 351 1136 Verba,
374 1049 503 1137 quaein
519 1047 767 1133 disputationem
790 1056 952 1133 vocantur,
981 1050 1061 1118 haec
1083 1056 1171 1116 sunt:
1192 1047 1297 1114 ταῦτά

148 1178 234 1246 φησι
255 1154 413 1220 Πολλίων
424 1145 589 1225 Ἀσίννιος
610 1146 652 1214 τὰ
668 1147 799 1236 ῥήματα
814 1143 992 1233 Ῥωμαϊστὶ
1007 1150 1067 1233 μὲν
1081 1143 1260 1238 ἆναφθέγξ
1282 1187 1298 1196 -

148 1265 234 1326 σθαι
254 1254 319 1322 τὸν
335 1258 493 1339 Καίσαρα
515 1250 609 1339 παρὰ
631 1249 690 1317 τὸν
711 1250 788 1317 τότε
808 1249 940 1338 καιρόν,
965 1245 1150 1340 Ἑλληνιστὶ
1172 1244 1205 1317 δ’
1232 1245 1294 1318 ὑπ’

148 1355 252 1427 αὐτοῦ
279 1354 474 1444 γεγράφθαι
484 1358 517 1430 ²).
563 1353 652 1432 Quae
679 1353 707 1419 si
734 1353 767 1419 in
789 1352 940 1420 Latinum
962 1372 1140 1421 sermonem
1163 1359 1297 1421 transtu-

145 1463 293 1545 lerimus,
317 1455 513 1538 videbimus,
543 1473 625 1536 quae
648 1453 690 1520 sit
712 1473 824 1520 causa:
854 1456 965 1532 ,Haeo
986 1456 1102 1540 verba,
1126 1455 1172 1522 ait
1193 1456 1298 1522 Pollio

149 1564 297 1646 Asinius,
319 1559 434 1624 Latine
455 1555 583 1639 quidem
605 1555 747 1623 locutum
769 1577 840 1623 esse
862 1556 1033 1624 Gaesarem
1056 1564 1148 1641 tunc,
1176 1557 1299 1626 Graece

149 1673 257 1735 autem
278 1664 320 1729 ab
343 1680 382 1728 co
404 1656 438 1743 (a
453 1656 501 1742 se)
524 1675 594 1723 esse
609 1656 801 1743 scripta³)i“
831 1658 971 1724 Dubium
994 1658 1092 1740 igitur
1113 1655 1299 1743 estutrum

148 1767 229 1837 illud
251 1755 335 1844 »ὑπ’
361 1754 483 1827 αὐτοῦ“
505 1765 668 1826 verta'mus
689 1760 751 1825 ita:
781 1760 843 1837 ,ab
867 1765 944 1842 eo“,
973 1781 1013 1826 an
1036 1761 1098 1827 hoo
1119 1760 1230 1830 modo:
1259 1780 1300 1839 ,a

150 1892 185 1939 se
193 1875 216 1954 “,
239 1875 336 1950 atque
358 1870 463 1931 utrum
486 1860 658 1928 Gaesarem
682 1859 816 1944 (abeo)
839 1881 881 1926 an
903 1861 1049 1928 Asinium
1073 1859 1107 1944 (a
1129 1860 1179 1946 se)
1208 1863 1299 1930 intel-

149 1975 304 2056 legamus,
326 1967 381 2049 qui
396 1986 436 2032 ca
454 1964 555 2031 verbs
569 1961 695 2028 Graeco
710 1981 856 2029 sermone
871 1962 985 2029 litteris
1000 1963 1168 2031 mandarit.
1199 1964 1299 2029 'Phor-

149 2073 253 2143 becke
273 2068 355 2136 illud
370 2058 452 2145 ,irc'
472 2057 575 2129 αὐτοῦ
584 2068 596 2098 “
611 2063 655 2128 ad
670 2064 842 2130 Gaesarem
856 2064 952 2130 refert
968 2062 1002 2148 (l.
1015 2066 1035 2131 l.
1051 2087 1082 2150 p.
1102 2063 1175 2150 110)
1192 2065 1300 2131 suisti-

152 2179 283 2255 matque
304 2169 449 2238 Asinium
468 2165 605 2231 dixisse:
627 2166 752 2250 ,ipsum
768 2166 948 2250 Gaesarem,
969 2179 1163 2249 quamquam
1178 2167 1301 2235 Graeco

151 2313 191 2324 -
209 2272 398 2362 prodiderit,
421 2288 535 2336 revera
555 2267 669 2333 Latine
683 2269 933 2351 'pronuntiasse“
957 2265 1002 2352 (p.
1026 2268 1146 2354 111)4).
1174 2267 1176 2272 ’

237 2374 303 2443 Sed
331 2371 468 2458 primum
496 2373 655 2455 repugnat
686 2369 761 2435 huic
790 2368 1058 2453 interpretationi,
1093 2369 1179 2452 quod
1210 2369 1302 2436 deest

151 2479 239 2566 apud
259 2473 482 2555 Plutarchum,
511 2471 597 2553 quod
625 2469 826 2537 referendum
854 2470 897 2538 sit
918 2469 962 2537 ad
984 2471 1098 2539 verba:
1128 2468 1222 2558 παρὰ
1243 2467 1302 2536 τὸν

150 2580 228 2648 τότε
248 2575 373 2665 καιρόν.
410 2575 487 2643 Sino
509 2573 606 2640 dubio
629 2565 844 2654 ,Teporem
862 2576 895 2637 et
909 2567 1130 2661 ,‘Etlpocorl“
1146 2575 1215 2641 sola
1229 2593 1302 2638 con-

152 2684 251 2751 naria
272 2685 360 2762 sunt3
389 2676 485 2743 illud:
507 2701 527 2752 ·,
535 2671 630 2761 παρὰ
652 2671 710 2738 τὸν
731 2672 807 2739 τότε
828 2673 964 2761 καιρόν“
987 2675 1079 2742 nihili
1101 2675 1200 2757 facia,
1226 2674 1303 2755 quia

152 2786 274 2851 nullum
295 2781 465 2848 relativum
487 2775 584 2860 (sieut
605 2797 632 2845 e.
654 2794 700 2857 gr.
723 2767 874 2862 ὕστερον)
897 2777 1047 2857 sequitur.
1085 2775 1205 2841 Omitto
1228 2775 1302 2840 Plu·

153 2887 324 2959 turollum,¹
344 2881 373 2947 si
400 2880 484 2946 hano
510 2880 544 2945 in
572 2877 764 2945 seutentiam
786 2876 892 2944 dicero
917 2876 1089 2960 voluisset,
1116 2873 1303 2959 simpliciter

153 2987 395 3073 ,yoypopdvoffl
417 2982 606 3066 scripturum
627 2979 757 3046 fuisses

239 3090 338 3154 Porro
361 3104 437 3151 vero
460 3085 488 3149 si
508 3082 706 3166 quaerimus,
735 3100 873 3165 quonam
894 3081 966 3148 loco
989 3079 1108 3149 Caesar
1137 3100 1177 3147 ea
1204 3079 1305 3146 verba

155 3191 280 3258 Graece
302 3185 472 3271 scripserit,
496 3183 687 3252 Therbecke
705 3183 891 3268 respondet:
914 3183 969 3259 ,iu
983 3202 1046 3250 uno
1062 3184 1206 3250 alterove
1221 3201 1303 3248 eom·

154 3289 312 3357 menterio
333 3306 391 3362 suo
413 3293 469 3355 aut
498 3286 670 3371 epistola“l
715 3283 796 3367 Sed,
823 3319 863 3328 -
889 3291 924 3348 ut
951 3283 1017 3349 alia
1043 3283 1303 3366 praetermittam,

155 3411 328 3476 quamnam
350 3390 490 3474 speciem
513 3394 582 3456 tota
602 3407 654 3454 res
676 3371 825 3472 pr'aebett
1396 3386 1398 3392 ·

247 3545 270 3607 l)
287 3539 339 3594 Ed.
350 3538 425 3595 Roth
436 3535 464 3609 pl
474 3543 537 3594 262:
551 3537 635 3592 coluit
647 3535 763 3604 (Ateius)
774 3539 871 3603 postea
881 3530 1091 3587 familiarissime
1104 3530 1133 3584 G.
1147 3531 1306 3585 Sallustium

156 3632 184 3681 et
208 3641 239 3681 eo
263 3625 392 3680 defuncto
410 3623 535 3677 Asinium
552 3621 715 3686 Pollionem,
739 3635 807 3688 quos
828 3617 970 3674 historiam
988 3609 1148 3685 componere
1165 3631 1305 3686 aggressos

155 3711 273 3766 alterum
290 3709 424 3764 breviario
440 3722 531 3764 rerum
549 3706 668 3761 omnium
685 3705 870 3761 Romanarum
888 3742 1002 3757 .....
1024 3701 1165 3770 instruxit,
1192 3702 1307 3757 alterum

156 3795 310 3866 praeceptis
329 3794 485 3849 dotatione
502 3791 645 3847 scribendi.

219 3881 223 3888 '
244 3883 270 3946 2)
288 3879 391 3933 Tantus
408 3894 464 3934 non
482 3877 573 3941 habet,
592 3891 644 3943 quo
663 3873 821 3943 offenderim
845 3873 895 3928 etr.
914 3872 1031 3928 Sinteuis
1049 3869 1090 3926 ΠΙ
1106 3887 1133 3940 p.
1152 3875 1211 3926 272.

234 3955 270 4030 Ι3)
288 3961 429 4018 Transtuli
445 3963 535 4018 locum
553 3960 588 4014 sd
605 3961 724 4025 verbum,
743 3975 824 4028 quam
840 3960 956 4014 maxime
972 3957 1057 4028 potui.

243 4050 270 4113 4)
287 4047 322 4102 Ei
340 4047 516 4104 Hendeconrt
534 4044 688 4101 assentitur
699 4048 735 4112 (p.
754 4049 806 4111 73).
841 4043 946 4099 Aulard
962 4047 999 4115 (p.
1018 4044 1130 4109 63-64)
1148 4042 1231 4096 sentit
1248 4041 1307 4110 qui·

158 4135 219 4190 dem
236 4131 425 4188 difficultatem
442 4131 491 4186 sed
507 4145 686 4202 praepropere
703 4127 793 4184 mittit.
