3202 4862
394 379 427 433 de
445 379 583 445 Cicerone,
601 379 697 434 Asinio
716 379 848 448 Pollione,
867 381 934 438 Gaio
954 381 1051 452 Oppio.
1233 383 1292 446 331

143 551 242 636 falso,
271 556 306 618 ut
335 550 414 618 mihi
444 549 574 634 quidem
603 549 744 634 videtur,
774 551 998 637 interpretatus
1029 560 1078 620 est
1090 557 1122 634 ¹).
1165 555 1295 624 Asinius

142 653 222 719 baec
243 652 354 720 scribit
374 653 411 737 (l.
427 673 452 717 s.
468 671 493 718 s.
516 651 602 733 §3):

228 753 422 830 ,Caesarem
436 773 523 838 vero,
543 753 630 835 quod
651 775 703 820 me
717 754 750 820 in
765 760 858 820 tanta
870 755 999 822 fortuna
1020 755 1116 823 modo
1131 759 1293 842 cognitum

141 855 430 922 vetustissimorum
457 854 661 921 familiarium
690 856 762 922 loco
790 855 917 940 habuit,
947 855 1049 922 dilexi
1075 877 1200 924 summa
1222 880 1293 926 cnm

140 956 262 1040 pietate
285 976 323 1021 ac
343 955 439 1022 fide.“

226 1057 286 1123 His
310 1077 351 1122 ex
368 1045 481 1123 'verbis
496 1056 687 1126 Tborbeoko
710 1056 837 1140 (comm.
860 1077 891 1140 p.
908 1058 941 1142 4)
962 1059 1044 1126 illud
1065 1059 1217 1128 iudicium
1236 1063 1291 1129 ad-

139 1157 291 1242 sumpsit,
314 1164 348 1224 at
370 1157 549 1241 videamus,
572 1176 657 1239 quae
679 1157 871 1224 antecedant
893 1156 928 1241 (ξ
944 1163 996 1242 2):

226 1260 371 1336 ,Natura
398 1266 506 1326 autem
534 1278 607 1326 mea
636 1264 669 1323 et
697 1256 804 1323 studia
836 1260 965 1326 trahunt
992 1282 1043 1327 me
1071 1260 1114 1328 ad
1140 1265 1230 1348 pacis
1260 1271 1292 1333 et

139 1361 298 1427 libertatis
322 1359 539 1445 cupiditatem.
583 1362 697 1440 Itaque
719 1359 801 1426 illud
821 1359 945 1426 initium
969 1361 1072 1428 civilis
1095 1363 1172 1430 belli
1194 1383 1292 1451 saepo

141 1460 268 1527 deflevi.
302 1462 406 1540 Quum
421 1481 499 1528 vero
513 1481 577 1528 non
591 1461 703 1526 liceret
717 1461 796 1525 mibi
810 1460 929 1527 nullius
943 1463 1043 1546 partis
1058 1481 1138 1548 esse,
1149 1499 1242 1511 —--
1251 1501 1293 1512 -—

138 1580 180 1628 ea
209 1569 314 1630 castra
342 1563 410 1646 fugi
434 1567 516 1629 eto.“
560 1560 655 1629 Unde
677 1561 879 1646 perspicuum
901 1562 1047 1630 Asinium
1073 1569 1140 1629 tum
1162 1564 1292 1636 demum

138 1662 181 1728 ad
203 1661 376 1730 Caesarem
395 1684 432 1732 se
455 1664 636 1746 contulisse,
660 1683 730 1730 oum
753 1664 859 1731 iacere
881 1685 945 1730 non
967 1672 1084 1748 posset,
1112 1667 1189 1748 quin
1211 1669 1290 1736 alte-

139 1763 204 1829 rius
225 1771 334 1848 partos
356 1764 540 1848 susciperet.
576 1765 711 1843 Quando
734 1771 842 1831 autem
864 1764 930 1831 iam
945 1786 1007 1832 non
1021 1767 1141 1834 licebat
1155 1768 1186 1836 ei
1200 1772 1290 1847 ,nul-

138 1865 200 1931 lius
227 1866 328 1950 partis
356 1867 473 1932 esse“?
516 1868 641 1952 Nempe
669 1866 760 1934 initio
783 1865 864 1933 belli
885 1865 1004 1949 civilis,
1025 1869 1046 1934 i.
1070 1890 1097 1935 e.
1120 1890 1204 1937 anno
1227 1875 1290 1936 705

138 1987 167 2032 u.
184 1965 250 2050 ost).
288 1967 339 2031 Ex
362 1987 400 2034 co
422 1973 539 2051 autem,
563 1968 649 2050 quod
670 1968 752 2034 inter
773 1966 937 2052 proximos
959 1966 1159 2052 imperatoris
1181 1991 1289 2039 numo·

137 2074 242 2152 ratur,
269 2089 340 2134 oum
363 2069 483 2136 Caesar
507 2070 705 2138 Rubiconem
735 2068 883 2135 transiret
910 2065 980 2150 (cfr.
1002 2069 1085 2135 Plut.
1109 2068 1200 2137 Caes.
1225 2071 1288 2156 32),

137 2189 202 2234 non
230 2169 390 2254 sequitur,
412 2205 454 2216 -—
476 2171 510 2237 id
540 2170 626 2254 quod
653 2170 845 2237 Therbecke
871 2168 917 2252 (p.
941 2168 974 2252 5)
1005 2170 1165 2238 concludit
1175 2172 1217 2258 ³),
1248 2209 1289 2220 -

137 2271 282 2337 Asinium
306 2292 347 2336 ex
369 2272 476 2339 Callia
497 2292 570 2339 oum
593 2272 731 2338 Caesare
753 2270 889 2337 venisse.

221 2374 291 2438 Iam
315 2372 342 2436 si
366 2373 558 2458 quaerimus,
581 2382 687 2442 utrum
701 2372 806 2440 Pollio
828 2371 861 2436 in
876 2371 1015 2438 historiis
1031 2372 1195 2456 aliquanto
1211 2375 1287 2442 ube·

140 2472 205 2539 rius
227 2472 268 2538 de
291 2472 384 2540 bellis
400 2476 533 2542 Gallicis
548 2475 733 2542 disseruerit
749 2492 860 2554 neone,
879 2472 1072 2566 'Pborbeoke
1093 2493 1165 2542 cum
1188 2474 1286 2543 disse

135 2572 238 2640 ruisse
260 2575 431 2662 existimat,
455 2596 560 2659 neque
586 2583 693 2644 tamen
715 2576 766 2659 id,
789 2575 875 2657 qnod
896 2575 1012 2642 Strabo
1035 2575 1113 2642 dicit
1135 2577 1192 2654 (IV
1215 2583 1244 2662 3,
1268 2583 1286 2644 3

135 2672 264 2757 Mein.):
287 2678 372 2763 φησὶ
391 2675 428 2743 τὸ
451 2681 554 2764 μῆκος
572 2670 675 2743 αὐτοῦ
689 2674 746 2760 (sc.
761 2675 880 2759 Rheni)
897 2673 1043 2742 σταδίων
1057 2675 1288 2759 ἑξακισχιλίων

138 2767 286 2853 Ἀσίνιος
309 2827 316 2842 .
341 2828 348 2842 .
372 2829 380 2843 .
405 2829 412 2843 .
437 2780 523 2868 φησὶ
544 2778 581 2843 δὲ
602 2781 658 2843 καὶ
681 2777 840 2859 δίστομον
863 2772 949 2841 εἶναι
969 2776 1188 2860 μεμψάμενος
1210 2777 1288 2856 τοὺς

137 2877 246 2942 πλείω
269 2879 424 2964 λέγοντας
447 2902 488 2946 ex
503 2881 608 2947 Asinii
629 2878 770 2946 historiis
785 2878 1007 2963 depromptum
1024 2897 1095 2944 esse
1116 2878 1195 2944 mihi
1217 2901 1287 2965 per-

133 2979 236 3047 suasit
246 2979 281 3064 4).
326 2983 501 3066 Propterea
528 2988 651 3065 autem,
682 2979 769 3062 quod
797 2979 1040 3047 commentarios
1070 2978 1217 3050 Caesaris
1245 2982 1287 3050 do

134 3081 220 3147 bello
243 3083 369 3148 Gallico
392 3088 458 3148 tam
480 3102 592 3149 severe
622 3085 799 3168 vituperat,
827 3087 862 3148 ut
884 3102 1015 3167 ,parum
1039 3082 1209 3166 diligenter
1230 3104 1285 3170 pa·

132 3201 266 3264 rumque
281 3185 406 3268 integra
421 3183 557 3251 veritate
573 3186 786 3268 compositos“
802 3184 888 3250 dicat
897 3185 931 3269 l>),
945 3185 1123 3251 Pollionem
1140 3185 1286 3253 Caesaris

134 3283 225 3366 operi
252 3303 343 3349 snum
373 3286 465 3366 quasi
487 3287 675 3371 opposuisse
703 3307 745 3352 ne
767 3285 891 3368 opinari
917 3283 1046 3364 quidem
1068 3284 1188 3367 audeo,
1214 3307 1286 3352 cnm

132 3403 258 3449 mecum
274 3393 394 3469 reputo,
412 3393 489 3468 quot
503 3389 657 3473 carpserit
672 3386 843 3472 scriptores
854 3384 887 3467 6).
921 3382 1079 3461 Quoniam
1094 3383 1191 3464 igitur
1205 3384 1286 3453 baec

219 3607 243 3669 1)
260 3603 329 3658 item
345 3603 520 3659 Hendcoourt
536 3605 554 3658 l.
573 3620 595 3659 a.
613 3619 635 3659 s.
652 3621 680 3674 p.
699 3610 729 3674 63
752 3605 802 3659 cfr.
821 3601 925 3658 Aulard
942 3602 959 3656 l.
978 3618 1001 3656 s.
1020 3617 1041 3656 s.
1060 3617 1088 3670 p.
1107 3606 1132 3657 8.

217 3690 243 3752 t)
262 3687 318 3742 Cir.
331 3687 473 3744 Drumann
486 3689 513 3743 ΙΙ
523 3706 550 3758 p.
561 3695 585 3744 l.

218 3775 245 3838 3)
262 3771 330 3827 Item
347 3772 523 3830 Hendecourt
539 3791 566 3843 p.
586 3779 600 3826 i
621 3777 648 3830 et
665 3774 769 3830 Aulard
787 3792 813 3845 p.
833 3779 857 3828 8.

218 3859 243 3923 4)
261 3855 292 3909 P.
305 3860 360 3910 tls.
387 3859 429 3912 Ac
447 3859 501 3914 sint
518 3860 587 3914 baso
604 3860 687 3914 uerba
706 3875 739 3913 ax
755 3858 876 3914 historiis
894 3861 1017 3925 sumpta:
1036 3861 1127 3912 tamen
1143 3873 1199 3913 non
1211 3857 1284 3913 evin-

131 3942 206 4005 cunt,
221 3939 349 3995 'Asinium
366 3941 440 3998 bella
459 3943 565 3999 Gallica
581 3945 663 4014 plena
680 3945 805 4000 oratione
822 3941 986 4012 exposuisse.

217 4030 243 4090 5)
261 4024 317 4080 Cir.
336 4026 412 4083 Suet.
432 4028 483 4082 div.
501 4028 552 4083 Iul.
570 4035 611 4084 56.

216 4115 242 4175 6)
262 4110 422 4168 Sallustium
438 4113 517 4179 (Gall.
530 4113 563 4169 N.
576 4115 609 4168 A.
626 4113 653 4168 X
671 4117 717 4182 263
735 4113 826 4182 Quint.
845 4115 908 4168 inst
921 4127 960 4168 or.
973 4111 1037 4167 VIII
1054 4115 1079 4179 3,
1097 4115 1149 4174 29).
1178 4109 1286 4166 Liuium

181 4202 299 4256 Leipzigor
312 4206 407 4248 Studien
420 4206 438 4246 1.
1049 4218 1083 4269 22
