3202 4862
377 374 411 430 de
428 376 566 443 cicerone,
584 375 679 430 Asinio
697 374 827 440 Pollione,
849 376 916 430 Gaio
935 376 1030 445 Oppio.
1218 373 1281 438 309

131 549 258 616 Livium
273 548 416 630 sequitur
429 581 471 592 -
487 550 584 628 ergo“
600 582 641 592 —
662 565 740 612 sene
753 545 835 613 haec
850 553 899 613 est
913 549 1005 613 crux!
1038 547 1122 614 Num
1144 548 1281 617 Dionem

130 660 273 718 secutum
288 670 361 718 esse
382 649 442 714 hoc
463 650 535 714 loco
549 647 675 713 Livium
698 647 916 715 demonstrare
931 649 1064 716 Peterus
1085 671 1126 717 no
1149 655 1281 718 conotus

130 753 259 835 quidem
271 758 334 817 est:
346 756 479 818 conatus
490 755 539 815 est
551 747 761 832 erasshofius,
774 750 828 832 qui
839 747 873 831 (l.
887 770 912 815 ι.
921 749 962 833 s.)
972 751 1164 818 sententiam
1176 753 1281 820 Peteri

128 864 299 940 propterea
320 851 441 934 laudnt,
464 850 551 934 quod
571 849 727 935 prodigia,
751 870 834 934 quae
855 853 917 919 Dio
941 853 962 920 l.
986 857 1025 917 37
1049 872 1076 918 c.
1096 855 1161 936 9,2
1185 859 1217 918 et
1240 857 1279 918 34

130 960 304 1038 enumerat,
327 953 413 1039 apud
428 952 664 1036 Obsequentem
680 972 807 1035 quoque
822 954 958 1036 legimns
973 953 1015 1038 (c.
1031 957 1068 1018 61
1088 957 1172 1032 [122]
1194 955 1282 1022 Jahn

129 1077 160 1141 p.
181 1058 271 1140 133)=
294 1057 394 1134 ,Cum
411 1055 494 1123 enim
510 1053 698 1139 Obsequens
714 1074 755 1121 ex
770 1055 861 1122 Livio
877 1055 1028 1139 hauserit,
1050 1056 1188 1123 Dionem
1204 1076 1281 1140 quo·

129 1179 191 1241 que
213 1158 359 1225 hausisse
381 1178 423 1224 ex
445 1177 483 1223 oo
506 1156 575 1223 veri
597 1156 701 1223 simile
724 1161 826 1223 esse.“
870 1159 986 1224 Verum
1016 1164 1065 1224 est
1095 1158 1279 1241 Obsequen-

128 1267 193 1327 tem
217 1260 330 1327 eadem
351 1257 499 1344 prodigia
524 1276 787 1341 commemorare;
819 1258 878 1325 sed
905 1259 1020 1325 eodem
1048 1260 1146 1326 etiam
1169 1260 1280 1327 Cicero

128 1362 301 1429 memoriae
322 1358 464 1444 prodidit
493 1357 562 1442 (cfr.
585 1360 654 1425 Cat.
671 1359 764 1445 1118,
784 1363 821 1424 19
845 1380 870 1427 c.
893 1361 988 1427 Dion.
1013 1364 1063 1445 37,
1079 1364 1109 1446 9,
1128 1359 1167 1444 1).
1211 1361 1280 1426 lam

128 1482 287 1548 compara,
312 1480 394 1544 quae
416 1460 502 1546 apud
521 1467 690 1544 utrumque
706 1459 787 1542 (scil.
804 1460 869 1527 (iic.
886 1469 919 1529 et
932 1461 1084 1547 Dionem)
1097 1465 1279 1544 sequuntur.

128 1566 307 1648 Proponam
329 1565 471 1646 integros
493 1564 598 1647 locos,
627 1568 662 1628 ut
684 1562 855 1630 concordio
876 1565 1047 1630 verborum
1068 1567 1144 1630 unte
1170 1563 1280 1632 oculos

127 1671 285 1733 versetur:

191 1768 254 1834 Cic.
267 1767 335 1834 Cat.
348 1766 396 1831 111
409 1771 438 1849 8,
451 1771 507 1832 20:
520 1765 688 1848 eidemque
777 1766 840 1833 Dio
857 1771 907 1850 37,
919 1769 948 1850 9,
962 1771 997 1830 2:
1012 1765 1054 1831 τά
1069 1791 1106 1832 τε
1121 1752 1178 1832 οὗν
1194 1761 1279 1832 ἄλλα

127 1869 209 1952 (scil.
232 1865 432 1954 haruspices)
461 1868 620 1934 iuflserunt
647 1867 687 1934 si·
715 1863 892 1942 ἒξεθύοντο
907 1878 979 1944 τοῖς
993 1865 1133 1950 μάντεσι
1152 1865 1279 1934 πειθό-

126 1971 302 2037 mulucrum
316 1969 403 2035 Iovis
419 1967 523 2034 fecere
538 1969 688 2034 mains'et
713 1990 818 2049 μενοι,
841 1969 959 2053 καὶτῷ
974 1970 1035 2034 Διὶ
1051 1963 1183 2054 ἄγαλμα
1205 1982 1278 2053 μεῖ-

125 2073 159 2137 in
181 2072 308 2138 excelso
331 2071 488 2137 collocare
511 2076 544 2134 et
569 2075 687 2152 eontra,
714 2065 777 2149 ζον,
801 2068 888 2157 πρός
901 2094 937 2135 τε
954 2066 1015 2147 τὰς
1037 2062 1202 2147 ἀνατολὰς
1223 2072 1279 2136 καὶ

125 2178 222 2255 etque
237 2179 333 2238 antea
346 2173 459 2253 fuerat,
476 2170 686 2237 adorientem
714 2167 801 2256 πρὸς
815 2168 874 2258 τὴν
890 2164 1012 2260 ἀγορὰν
1026 2173 1162 2257 βλέπον,
1184 2164 1279 2248 ὅπως

125 2280 323 2357 convertere,
347 2293 386 2338 ac
401 2292 435 2339 so
450 2292 578 2358 sperare
596 2271 684 2340 dixe·
715 2271 751 2337 oi
773 2278 981 2356 occupentur
999 2267 1057 2362 ὑφ’
1076 2267 1123 2339 ὥν
1140 2270 1278 2360 ἐταράτ-
1397 2295 1402 2303 “

123 2381 204 2457 runt,
227 2376 256 2442 si
271 2375 353 2442 illud
374 2375 508 2458 signum,
531 2374 618 2457 quod
639 2376 685 2441 vi-
713 2371 1278 2464 τοντοἒκφανεῖεν,ἱδρνθῆνοιέψη-

123 2477 216 2560 detis,
240 2478 316 2544 solis
332 2483 434 2544 ortum
452 2484 485 2544 et
506 2480 609 2545 forum
632 2498 684 2543 cu·
713 2484 867 2566 φίοοντο.

123 2579 267 2660 riamque
284 2580 490 2664 conspiceret,
512 2579 580 2646 fore
595 2586 631 2645 ut
645 2600 685 2646 ee

124 2681 267 2761 consiliu,
290 2698 373 2762 quae
388 2681 471 2745 clem
486 2689 593 2746 essent
606 2681 686 2748 inita

124 2788 234 2847 contre
249 2782 384 2846 salutem
400 2781 488 2847 urbis
510 2790 607 2862 atque
628 2782 685 2847 im·

122 2883 213 2968 perii,
235 2882 475 2949 inlustrarentur
497 2902 525 2948 e.
543 2901 572 2964 q.
589 2902 613 2949 s.

57 3031 71 3053 ι
185 2984 229 3050 ib.
246 2986 275 3067 9,
292 2987 349 3048 21:
375 2983 460 3049 Illud
481 3005 558 3050 vero
579 3003 682 3050 nonne
772 2984 814 3052 ib.
831 2987 881 3067 34,
898 2987 931 3050 2:
946 2974 1006 3048 κᾶκ
1020 2977 1167 3049 τούτουὸ
1180 2987 1273 3050 Λέν-

120 3085 167 3150 ita
186 3105 339 3170 praesens
360 3092 417 3168 est,
439 3092 475 3150 ut
496 3091 574 3151 nutu
595 3085 683 3152 Iovis
707 3088 825 3164 τουλος
854 3079 1014 3152 ἀπειπεῖν
1042 3081 1102 3172 τὴν
1131 3105 1273 3174 στρατη-

121 3184 241 3270 Optimi
255 3187 387 3262 Maximi
401 3186 521 3253 fectum
543 3205 614 3253 esee
636 3187 680 3252 vi·
706 3194 782 3274 ytoc
804 3183 870 3254 ὑπὸ
894 3191 953 3274 τῆς
973 3191 1148 3274 γερουσίας
1171 3180 1272 3274 ἄνον-

122 3286 249 3370 deetur,
281 3293 316 3354 ut
345 3309 416 3354 cum
443 3289 597 3356 hodierno
629 3287 682 3356 die
706 3291 848 3365 καοθεὶς
874 3286 908 3353 ἐν
937 3292 1068 3375 φρουρᾷ
1094 3287 1178 3371 μετὰ
1205 3291 1272 3354 τῶν

121 3409 215 3454 mane
238 3409 296 3473 per
316 3389 417 3454 iorum
439 3410 510 3457 meo
537 3390 626 3456 iussu
650 3398 682 3456 et
709 3385 899 3456 diiunctio
917 3389 1179 3476 συλληφθέντων
1203 3386 1272 3475 ἐγέ-

121 3491 276 3557 coniurati
305 3498 337 3556 et
363 3510 471 3558 eorum
499 3491 620 3559 indices
647 3492 682 3558 in
708 3511 797 3558 νετο·
928 3492 985 3558 καὶ
1007 3491 1111 3554 ταῦτα
1139 3491 1196 3555 καὶ
1223 3493 1272 3576 τῴ

121 3589 235 3658 aedem
258 3592 456 3659 Concordiae
484 3593 681 3678 ducerentur,
708 3593 802 3682 δήμῳ
825 3588 950 3677 ὁμοίως
977 3587 1090 3680 ἤρεσε,
1120 3591 1175 3658 καὶ
1205 3591 1270 3676 μά-

119 3713 160 3758 eo
186 3693 257 3777 ipso
286 3699 429 3781 tempore
460 3695 585 3776 signum
619 3702 680 3761 sta·
707 3696 804 3763 λιστα
830 3693 964 3782 ἐπειδή,
995 3696 1054 3760 τοῦ
1082 3696 1271 3781 Κικέρωνος

119 3797 282 3862 tueretur?
706 3795 969 3886 δημηγοροῦντος
990 3819 1024 3862 τι
1045 3797 1126 3883 περὶ
1150 3788 1268 3878 αὐτῶν,

703 3898 740 3966 τὸ
771 3895 903 3987 ἄγαλμα
925 3895 962 3964 τὸ
985 3900 1045 3963 τοῦ
1066 3893 1151 3975 Διὸς
1173 3895 1207 3975 ἒς
1233 3921 1270 3962 τε

703 3999 741 4067 τὸ
758 3999 977 4067 Καπιτώλιον
993 3991 1076 4086 παρ’
1095 3991 1197 4065 αἰτὸν
1210 3995 1269 4064 τὸν

702 4099 818 4189 καιρὸν
844 4105 904 4190 τῆς
932 4099 1105 4189 ἐκκλησίας
1135 4092 1268 4186 ἀνιδρύ-

703 4209 751 4292 θη
774 4203 839 4270 aui.
