3202 4862
296 384 361 446 368
553 391 574 431 ·'
608 445 631 461 .,
722 385 871 454 'Georgius'
889 385 1012 441 Thouret
1118 391 1120 438 1
1192 418 1196 430 ·

354 589 358 598 ¹
384 559 584 625 Postremum
605 564 645 624 ut
661 559 826 643 parvulae,
847 559 895 624 ita
909 578 980 624 'nou
1002 558 1086 625 leuis
1105 558 1152 625 rei
1172 557 1366 624 mentionem
1385 575 1457 627 md

294 678 403 727 ‚ream
1220 689 1224 696 ’
1373 713 1376 722 ,
1394 715 1397 726 ,

323 805 336 824 ,ι
382 762 496 830 Cuncti
511 762 685 847 scriptores
699 782 805 828 rerum
821 761 1086 829 Caesarianamm
1101 767 1234 829 mortem
1245 763 1359 846 Iuliae,
1373 763 1456 830 Cae

294 866 382 932 saris
395 864 490 947 filiae,
513 863 710 949 praedicant,
732 860 887 945 singulari
905 870 1011 930 autem
1027 862 1123 931 modo
1139 865 1329 931 Plutarchus
1342 866 1454 932 utitur.

171 989 174 1000 ·
299 967 418 1033 Narrat
438 968 523 1032 enim
545 967 591 1031 ita
615 964 657 1048 (o.
674 969 723 1048 23,
747 953 794 1047 oi:
811 965 967 1049 ,Cacsaq
990 965 1046 1032 ubi
1067 967 1205 1048 primum
1227 971 1268 1032 eir
1287 967 1456 1034 Britannia

300 1071 333 1136 iu
348 1069 488 1134 Galliam
505 1065 647 1152 revertit,
671 1066 805 1151 scriptas
820 1067 862 1133 ab
879 1067 1001 1152 amicis,
1025 1067 1078 1152 qui
1093 1068 1214 1135 Romae
1230 1069 1454 1154 versabantur,

300 1169 435 1238 offendit
455 1170 589 1253 litteras,
610 1169 727 1251 quibus
749 1167 913 1235 demorte'
935 1167 1022 1236 filiae
1045 1170 1166 1235 certmr
1180 1171 1283 1236 laetus
1306 1176 1386 1236 est.“
1437 1199 1442 1233 ;

354 1319 358 1326 ·
385 1270 504 1339 Omitto
527 1271 571 1336 ad
591 1276 741 1354 punctum
763 1288 865 1351 usque
886 1270 1040 1354 temporis
1067 1291 1136 1336 rem
1162 1271 1213 1337 its·
1236 1291 1271 1337 se
1300 1273 1455 1340 habuisse

300 1373 403 1441 videri
424 1374 494 1456 (cfr.
511 1373 574 1440 Cic.
590 1373 634 1439 ad
646 1373 687 1451 tl.
703 1373 739 1438 F.
755 1373 846 1454 11111,
866 1371 927 1454 17),
950 1371 1029 1455 quin·
1048 1372 1146 1439 etiam
1167 1392 1271 1458 paene
1287 1395 1344 1458 pro
1364 1383 1455 1442 certo

301 1476 461 1542 affirmare
486 1495 655 1559 possumus
670 1473 817 1560 ,Oppium
834 1473 910 1539 illas
924 1474 1048 1540 litteras
1064 1473 1106 1540 ad
1122 1474 1294 1541 Caesarem
1308 1475 1455 1542 dedisse:

300 1597 375 1644 nam
391 1577 515 1662 Oppius
529 1596 567 1643 eo
582 1577 656 1660 ips'c·
669 1581 813 1660 tempore
826 1573 1015 1642 tabellarios
1030 1577 1125 1659 misit,
1144 1576 1333 1659 quicumque
1348 1578 1457 1644 Roma

301 1680 344 1746 ad
360 1679 532 1745 Caesarem
554 1678 644 1744 ibant
666 1676 723 1761 (ad
739 1678 775 1756 Q.
791 1679 840 1743 lll
858 1683 885 1761 1,
901 1675 943 1762 8).
981 1677 1153 1745 Cuiusnam
1168 1687 1275 1745 autem
1290 1680 1457 1765 scriptoris

301 1782 453 1848 intererat
481 1788 632 1865 punctum
661 1779 815 1866 temporis
830 1780 1041 1865 'exprimere,
1072 1799 1134 1863 quo
1159 1781 1281 1848 Cacsar
1308 1783 1456 1850 nuntium

301 1871 392 1950 illum
414 1883 595 1968 acceperit?
626 1884 727 1949 Immo
743 1901 819 1948 vero
836 1881 906 1966 quis
921 1883 1003 1948 scire
1017 1883 1143 1967 potuit?
1171 1884 1221 1948 Ex
1236 1883 1307 1950 loco
1323 1873 1457 1966 quidem

302 1986 457 2073 epistolae
473 1984 633 2052 Ciceronis
656 1985 699 2051 ad
714 1984 866 2064 Quintum
887 1984 1017 2051 fratrem
1038 1985 1155 2052 missae
1174 1983 1244 2066 (cfr.
1260 1989 1358 2069 supr.)
1373 2007 1456 2068 quo

302 2087 473 2156 dammodo
504 2085 651 2154 concludi
678 2092 799 2172 potest,
826 2105 888 2168 quo
918 2087 988 2153 loco
1012 2105 1138 2169 quoque
1160 2093 1303 2172 tempore
1325 2087 1457 2154 litterae

303 2190 434 2256 Caesari
456 2189 577 2254 allatae
597 2188 676 2254 siut:
697 2209 803 2270 neque
825 2207 901 2254 vero
923 2193 1029 2274 potest
1043 2189 1104 2254 uisi
1119 2188 1272 2255 adhibitis
1287 2188 1458 2262 Plutarchi¹

302 2291 419 2360 verbis.
455 2290 576 2357 Omnes
591 2291 654 2358 hae
669 2290 874 2358 difficultates
889 2293 1081 2374 auferuntur,
1104 2291 1133 2356 si
1155 2290 1326 2358 statuimus
1347 2289 1456 2376 Oppio

302 2413 342 2462 aa
363 2393 569 2460 Plutarchum
591 2393 710 2459 debere
720 2391 754 2475 ¹).

298 2527 300 2536 ·
388 2496 511 2574 Quibus
533 2495 680 2561 omuibus
698 2493 743 2560 de
766 2492 870 2558 causis
885 2492 1045 2559 Haerenio
1058 2493 1273 2560 ,vehementer
1295 2495 1456 2560 assentior

303 2604 402 2680 atque
421 2594 586 2682 gaudebo,·
602 2597 630 2662 si
653 2595 799 2662 omnibus
821 2595 979 2660 sententia
1002 2595 1226 2679 eiusprotusta
1248 2596 1316 2660 erit.

387 2700 486 2766 Porro
508 2717 601 2782 spero
622 2697 702 2779 iore,
725 2701 760 2762 ut
774 2715 866 2763 nemo
885 2695 1062 2780 dissentiat,
1077 2715 1151 2762 cum
1166 2697 1364 2780 contendam,
1385 2694 1455 2782 Cp

302 2803 389 2888 pium
412 2805 485 2888 post
500 2800 647 2867 Caesaris
669 2799 792 2867 obitum
813 2804 868 2864 aut
891 2805 976 2865 certe
992 2818 1057 2876 non
1071 2797 1171 2864 multo
1185 2804 1261 2876 autc
1276 2799 1453 2882 scripsisse.

302 2905 443 2972 Primum
460 2904 544 2971 enim
560 2924 624 2968 non
641 2902 737 2968 modo
753 2901 945 2978 „truslot
962 2898 1141 2966 Caesarina
1152 2899 1326 2966 Plutarcho
1339 2898 1456 2965 lauda-

301 3016 353 3074 tus
370 3008 411 3090 (o.
428 3011 457 3090 3,
474 3006 517 3088 3),
540 3004 598 3071 sed
620 3004 717 3071 'etiam
735 3005 814 3070 Cato
829 3003 1003 3070 identidem
1018 3001 1129 3068 irrisus
1144 2999 1214 3086 (cfr.
1230 3020 1327 3086 snpra
1340 3021 1370 3086 p.
1388 3005 1452 3066 347

304 3107 397 3190 extr.)
427 3105 566 3173 ostendit
593 3103 734 3189 Oppium
763 3123 865 3187 aeque
893 3109 990 3188 atque
1012 3123 1124 3172 omues
1145 3125 1249 3171 rerum
1271 3103 1454 3189 scriptores,

304 3210 359 3292 qui
375 3205 521 3278 Caesaris
543 3211 652 3292 partes
673 3211 890 3289 sequerentur,
912 3208 1105 3274 Anticatonc
1123 3225 1217 3272 usum
1240 3223 1318 3288 esse,
1341 3212 1376 3270 ut
1391 3203 1454 3270 Ca-

299 3308 410 3386 tonem
433 3314 587 3394 carperet,
608 3307 697 3376 cuius
719 3307 831 3374 laudes
853 3307 1030 3374 adversarii
1045 3308 1192 3375 Caesaris
1210 3309 1242 3372 in
1258 3307 1345 3373 astra
1359 3307 1454 3373 tolle·

305 3415 389 3480 bant.
434 3411 699 3488 „Anticatoncm“
721 3417 829 3477 autem
857 3410 976 3476 Caesar
997 3410 1084 3488 „sub
1112 3415 1238 3495 tempus
1265 3409 1455 3478 Mundensis

303 3515 449 3600 proelii“,
470 3519 506 3580 ut
528 3514 573 3579 ait
596 3511 765 3579 Suetonius
787 3510 831 3595 (d.
848 3512 906 3578 Iul.
924 3511 988 3595 56),
1010 3513 1032 3578 i.
1047 3533 1074 3579 e.
1094 3531 1124 3579 a.
1140 3515 1202 3577 709
1219 3532 1247 3577 u.
1264 3532 1290 3577 c.
1307 3512 1453 3579 coniecit

303 3615 460 3698 Atquesi
481 3611 605 3700 Oppius
625 3614 728 3680 vitam
749 3613 853 3680 Cassii
875 3613 1060 3699 composuit,
1081 3619 1127 3697 ut,
1144 3629 1191 3665 ·-
1214 3613 1259 3679 sio
1275 3613 1456 3679 Teuffelius

391 3803 415 3864 1)
434 3797 567 3867 Opinetur
584 3797 716 3866 quispiam
734 3797 877 3852 Caesarem
894 3798 921 3850 iu
937 3810 1068 3867 responso
1081 3802 1188 3866 tempus
1204 3795 1379 3864 significasse,
1396 3814 1455 3866 quo

304 3883 386 3954 Oppii
403 3884 546 3952 epistolam
564 3881 723 3949 accepisset,
739 3882 839 3950 itaque,
860 3898 920 3936 oum
937 3884 1018 3938 etiam
1036 3882 1115 3936 Gellii
1132 3886 1223 3938 aetate
1242 3882 1305 3937 libri
1321 3881 1455 3950 epistula-

303 3985 364 4024 rum
382 3967 411 4023 C.
421 3967 545 4022 Caesaris
563 3965 598 4020 ad
616 3966 645 4021 C.
656 3966 771 4035 Oppium
789 3973 816 4021 et
834 3967 1122 4023 Cornelium-Balbum
1139 3971 1280 4022 exstarent
1297 3965 1354 4033 (cir.
1367 3967 1402 4021 ll.
1416 3971 1454 4022 Δ.

303 4053 382 4108 XVII
400 4057 439 4121 9),
461 4051 520 4106 fieri
537 4051 672 4120 potuisse,
694 4058 725 4106 ut
742 4054 860 4120 scriptor
876 4051 973 4122 aliquis
992 4067 1026 4107 cx
1042 4051 1096 4106 illis
1114 4052 1244 4106 hauriret.
1279 4055 1316 4106 At
1332 4053 1384 4107 hoc
1402 4053 1456 4108 ab·

303 4139 396 4194 horret
413 4153 430 4192 a
448 4143 506 4192 tota
523 4137 627 4192 ratione
644 4139 764 4192 veterum
782 4138 951 4207 scriptorum.
1439 4165 1443 4170 ·

1586 4073 1597 4366 ἰ
