3202 4862
338 367 399 429 360
453 372 585 440 Georgius
604 371 734 438 Thourot,
752 372 785 428 de
805 371 942 438 Cicerone,
959 373 1055 430 Asinio
1073 373 1205 440 Pollione,
1224 374 1292 430 Gaio
1310 375 1407 447 Oppio.

336 544 435 610 alium
458 551 619 612 auctorem
640 545 857 632 requisiverit,
886 564 981 628 quem
1005 545 1040 610 in
1061 547 1163 612 altera
1183 552 1274 630 parte
1297 548 1385 614 vitae
1408 549 1497 618 Cae·
1576 532 1579 547 ¹

336 646 416 712 saris
438 652 634 728 sequeretur.
671 646 738 713 Sed
755 665 853 731 saepe
868 646 1021 714 monitum
1037 652 1086 714 cst
1099 646 1124 731 ¹)
1144 647 1352 719 Plutarchum
1378 651 1495 736 singu-

335 749 436 814 larem
457 749 645 816 relationem
665 749 706 816 dc
723 749 807 816 bello
824 747 1042 814 Alexandrino
1057 750 1223 836 praebere,
1247 769 1311 833 qua
1325 751 1497 822 confusius

335 856 433 934 atque
454 850 670 936 perturbatius
692 850 774 916 nihil
796 850 928 931 cogitari
949 856 1065 934 potest
1102 851 1214 934 Itaque
1237 873 1309 920 eum
1331 853 1392 922 hoc
1414 855 1495 940 ipso

334 954 405 1018 loco
435 959 467 1018 et
495 952 621 1018 litterae
650 973 671 1016 a
693 951 831 1018 Caesare
861 950 904 1018 ad
930 952 1051 1019 amicos
1079 951 1175 1020 dame
1202 965 1495 1026 commemorentur

236 1072 241 1078 ·
335 1051 376 1134 (o.
393 1051 448 1139 48)
472 1059 503 1118 et
525 1073 649 1120 summa
671 1054 764 1137 aeris,
787 1052 873 1137 quod
887 1054 1090 1122 Ptolemaeus
1105 1055 1238 1124 Auletes
1254 1058 1386 1140 eiusque
1400 1057 1494 1126 iilius

335 1153 464 1222 Caesari
487 1155 679 1239 debuerint,
706 1155 865 1222 subtiliter
885 1159 1010 1222 notetur
1033 1156 1073 1238 (c.
1097 1160 1137 1222 48
1160 1159 1274 1244 extr),
1303 1161 1492 1245 putaverim

334 1257 538 1325 Plutarchum
560 1259 621 1326 hoc
642 1259 713 1325 loco
734 1256 848 1323 iterum
876 1256 1013 1342 primum
1038 1259 1159 1326 iontem
1182 1262 1362 1344 inspexisse
1386 1267 1492 1344 atque

334 1360 414 1428 duas
437 1361 607 1426 relationes
630 1358 819 1426 confudisse.
857 1359 998 1426 Ulterius
1021 1359 1118 1446 Oppii
1141 1363 1279 1447 vestigia
1301 1363 1387 1448 apud
1410 1366 1493 1430 Plu-

333 1462 478 1530 tarchum
500 1483 564 1528 non
585 1463 720 1528 elucent.

419 1565 565 1646 Denique
589 1563 735 1646 quamvis
756 1581 870 1644 parum
886 1561 919 1628 C.
936 1562 1059 1648 Oppius
1073 1562 1171 1630 fidem
1186 1555 1369 1639 historicam
1385 1573 1489 1649 atque

333 1666 536 1733 severitatem
558 1665 707 1749 servarit,
734 1670 840 1732 tamen
866 1665 909 1731 ad
930 1665 1169 1749 perlustrandos
1190 1686 1295 1734 rerum
1317 1667 1489 1745 Caesaria-
1524 1657 1527 1662 ¹

332 1789 444 1835 narum
466 1769 635 1852 scriptores
657 1784 759 1852 pacnc
781 1765 873 1834 nohis
895 1756 1092 1834 necessarius
1119 1773 1176 1834 est.
1222 1768 1389 1854 Videmus,
1417 1787 1488 1852 quo

332 1869 427 1936 modo
464 1870 575 1954 paucis
603 1869 711 1952 annis,
748 1875 920 1953 postquam
948 1876 1058 1953 gestae
1089 1874 1177 1952 sunt,
1206 1890 1257 1936 res
1287 1869 1430 1938 Caesaris
1463 1893 1489 1938 a

208 2016 211 2025 ·
332 1971 525 2039 Caesariano
555 1971 693 2053 quodam
722 1971 837 2037 litteris
865 1971 1010 2056 signatae
1044 1971 1115 2036 sint.
1168 1970 1411 2055 Cognoscimus,
1447 1982 1488 2041 ut

331 2079 430 2142 totam
453 2095 520 2141 rem
542 2073 733 2157 amplectar,
757 2071 904 2140 Caesaris
926 2073 1180 2156 commentarios,
1201 2072 1307 2140 Asinii
1328 2075 1486 2142 Pollionis

330 2175 488 2258 historias,
512 2173 644 2240 Sallusti
665 2174 864 2256 aliorumque
887 2174 1151 2242 Caesarianorum
1169 2211 1204 2219 —
1223 2175 1308 2242 sicut
1327 2175 1424 2260 Oppii
1438 2214 1485 2224 -

330 2279 449 2362 scripta
471 2276 557 2361 apud
578 2282 723 2361 posteros
745 2275 890 2344 floruisse
912 2281 1008 2358 atque
1032 2276 1172 2360 viguisse
1194 2276 1250 2360 ita,
1273 2284 1307 2342 ut
1328 2277 1486 2344 iudicium

329 2380 525 2464 posteritatis
546 2385 826 2465 praeoccuparent,
849 2397 920 2442 cum
942 2376 1197 2444 adversariorum
1219 2380 1340 2464 scripta
1354 2379 1413 2446 sub
1429 2399 1483 2446 ru-

330 2482 459 2550 deribus
482 2481 683 2546 sacculorum
703 2480 845 2545 iacerent
867 2478 1021 2546 oblivioni
1044 2477 1128 2545 data.

416 2579 482 2648 Sed
510 2581 607 2648 etiam
636 2579 678 2644 ad
706 2580 961 2664 cognoscendam
990 2580 1137 2648 Caesaris
1165 2581 1330 2649 historiam
1356 2581 1484 2668 Oppius

330 2684 423 2750 nobis
445 2683 643 2770 aliquantum
664 2682 805 2768 prodest.
835 2683 1055 2750 Amicissimus
1077 2683 1133 2748 illc
1156 2690 1252 2766 atquc
1270 2685 1484 2752 familiarissi-

328 2806 399 2853 mus
422 2785 567 2854 Caesaris
582 2786 762 2852 Marianum
783 2787 1033 2872 popularemque
1057 2785 1228 2853 Caesarem
1250 2784 1394 2871 depingit
1415 2807 1483 2854 non

329 2889 419 2972 regni
441 2889 655 2956 affectantem.
686 2887 839 2967 Quamvis
860 2908 942 2964 vero,
959 2887 1062 2973 sudet,
1086 2893 1120 2953 ut
1141 2890 1286 2972 occultet,
1310 2907 1482 2971 quaecum-

329 3011 391 3075 que
415 2990 585 3057 Caesarcm
612 2989 828 3057 demonstrent
855 2989 944 3056 haud
964 2989 1167 3056 abhorruisse
1190 3011 1210 3056 a
1232 2990 1371 3056 consiliis
1394 2989 1481 3056 Cati-

328 3092 414 3156 linae
443 3092 576 3170 eiusque
603 3092 725 3174 gregis:
764 3097 871 3156 tamen
904 3091 1011 3158 omnia
1043 3098 1212 3176 contegere
1240 3092 1351 3158 nescit.
1399 3089 1492 3156 Mihi·

330 3189 459 3285 quidem
481 3210 607 3276 semper
628 3191 785 3258 sententia
805 3191 864 3258 illa
885 3194 1052 3260 verissima
1072 3194 1144 3259 visa
1173 3200 1236 3278 est,
1268 3213 1333 3276 qua
1353 3193 1480 3260 Plutar-

329 3295 407 3360 chus
429 3293 473 3360 ad
495 3313 545 3360 res
568 3293 695 3360 Calliae
718 3295 830 3362 transit
853 3293 971 3378 dicens,
995 3295 1166 3362 Caesarem
1188 3297 1221 3362 in
1244 3295 1351 3362 Callia
1372 3316 1482 3364 novae

328 3396 415 3464 vitae
438 3396 599 3478 quoddam
620 3397 744 3462 initium
759 3417 865 3464 orsum
881 3416 952 3464 esse
974 3394 1013 3479 (c.
1033 3401 1071 3460 15
1086 3397 1151 3481 in).
1182 3397 1250 3481 Ego
1267 3415 1392 3479 quoque
1406 3417 1481 3482 pcr-

327 3518 457 3564 suasum
485 3499 589 3564 habeo
621 3489 791 3565 Caesarem
819 3499 851 3565 in
877 3499 985 3566 Callia
1007 3500 1135 3566 demum
1158 3518 1230 3564 cum
1253 3519 1324 3566 esse
1346 3502 1478 3583 iactum,

329 3600 383 3682 qui
404 3605 518 3684 postea
539 3601 641 3667 tuerit.
678 3601 717 3666 In
738 3619 818 3685 puro
838 3601 964 3668 Galliae
985 3622 1059 3672 aere
1081 3603 1241 3683 ingenium
1265 3602 1331 3667 eius
1355 3601 1480 3686 claruit,

328 3708 425 3782 atque
447 3701 515 3785 ipse
539 3702 639 3769 maior
660 3703 763 3769 factus
785 3710 833 3768 est
855 3724 919 3770 una
941 3723 1013 3770 oum
1035 3705 1175 3772 consiliis
1197 3703 1379 3771 maioribus.

416 3924 439 3984 l)
458 3918 512 3974 Cir.
529 3919 611 3974 Peter
627 3921 645 3973 1.
664 3935 686 3974 s.
705 3935 726 3974 a.
744 3935 770 3988 p.
792 3924 838 3975 126
857 3935 916 3991 sqq.

798 4181 1002 4190 -—-————-.
