3202 4862
383 367 416 421 de
434 366 571 431 Cicerone,
589 364 685 422 Asinio
703 363 832 429 Pollione,
851 362 919 417 Gaio
939 361 1047 432 Oppio..
1227 358 1287 421 315

136 540 291 624 (Berolini
311 539 405 621 1875)
429 556 548 621 magna
570 556 642 602 cum
663 536 829 618 voluptate
844 539 940 618 atquc
955 555 1078 602 summo
1093 535 1197 601 fructu
1211 534 1286 619 legi.

135 643 197 708 Hic
220 643 306 708 enim
321 641 550 718 „Ciceronem“
566 645 640 703 ante
657 637 859 717 „Crassum“,
882 635 1073 712 „Crassum“
1089 641 1195 703 autern
1213 642 1288 702 ante

137 744 352 819 „Caesarem“
376 741 584 824 compositum
613 759 684 804 esse
707 739 819 803 statuit
842 736 887 820 (p.
911 740 948 801 31
975 738 1046 804 coll.
1066 738 1131 822 41).
1175 740 1288 819 ltaque

136 845 327 910 Plutarchus
350 863 421 909 cum
442 843 475 906 in
491 841 605 908 Crasso
628 843 667 922 (c.
687 841 737 918 13)
759 839 874 904 iterum
895 837 963 920 (cfr.
980 838 1043 903 Cic.
1063 838 1115 920 15)
1139 840 1180 904 M.
1197 838 1288 904 Cras-

136 967 208 1011 sum
229 950 322 1012 nocte
345 941 483 1026 quadam
506 943 677 1027 epistulam
693 941 838 1008 Ciceroni
858 939 1010 1006 detulisse
1024 945 1132 1006 narret
1145 940 1197 1006 his
1212 959 1288 1006 usus

136 1047 258 1112 verbis:
285 1043 319 1111 ἒν
342 1044 377 1110 δὲ
399 1047 447 1130 τῷ
469 1045 548 1131 περὶ
577 1039 740 1119 ὑπατείας
762 1037 779 1107 ὁ
803 1046 954 1128 Κικέρων
977 1040 1101 1129 νύκτωρ
1125 1044 1209 1130 φησὶ
1231 1038 1289 1106 τὸν

136 1147 293 1234 Κράσσον
316 1140 506 1235 ἀφικέσθαι
527 1142 614 1231 πρὸς
637 1137 737 1208 αὐτὸν
760 1141 940 1229 ἐπιστολὴν
960 1142 1137 1226 κομίζοντα
1152 1140 1193 1208 τὰ
1209 1143 1288 1229 περὶ

135 1247 193 1314 τὸν
215 1250 400 1314 Κατιλίναν
422 1245 639 1334 ἐξηγουμένην
662 1270 689 1310 κ.
714 1269 742 1309 τ.
765 1244 812 1325 λ.,
843 1245 1020 1310 nominavit
1042 1243 1137 1310 credo
1159 1246 1287 1326 iontem,

137 1373 178 1418 ex
203 1370 264 1433 quo
288 1350 449 1416 hausisset
476 1349 723 1434 descriptionem
751 1345 977 1412 coniurationis
1000 1345 1174 1427 Catilinae,
1205 1364 1288 1427 quae

137 1460 185 1518 est
214 1453 247 1517 in
275 1453 344 1518 rita
373 1451 543 1516 Ciceronis.
587 1451 693 1532 Atque
716 1449 796 1515 nihil
821 1448 918 1514 refert
947 1445 1136 1527 admonere,
1165 1443 1288 1509 minimi

136 1553 289 1619 momenti
318 1572 404 1636 esse,
434 1573 529 1636 quem
557 1557 719 1617 auctorem
745 1549 934 1616 Plutarchus
962 1548 1072 1614 laudet
1101 1545 1169 1627 (cfr.
1193 1546 1289 1611 Peter

135 1676 166 1739 p.
186 1658 348 1738 126,133;
374 1653 536 1738 Schlicph.
551 1656 573 1718 l.
589 1672 613 1717 s.
630 1653 679 1735 s).
718 1652 783 1718 Sed
805 1659 840 1717 ut
861 1653 998 1718 alterum
1024 1650 1128 1714 locum
1144 1647 1287 1729 afferam,

136 1753 234 1822 tradit
247 1757 280 1820 in
296 1757 364 1822 vita
379 1754 527 1822 Caesaris
544 1775 569 1820 c.
586 1755 614 1836 8,
635 1753 806 1820 Caesarem
821 1774 892 1818 cum
906 1754 989 1819 Non.
1005 1751 1070 1816 illia
1085 1749 1163 1816 Dec.
1180 1769 1208 1814 a.
1225 1751 1285 1814 691

137 1878 179 1922 ex
207 1862 321 1923 senatu
350 1855 452 1921 exiret
481 1853 550 1937 (ubi
579 1855 777 1938 amplissima
800 1855 942 1919 oratione
966 1852 1091 1919 efficere
1113 1850 1286 1932 studuerat,

135 1979 178 2023 nc
201 1958 242 2023 de
264 1956 400 2038 captivis
422 1955 613 2039 supplicium
635 1953 834 2037 sumeretur),
858 1956 899 2020 ab
922 1953 1082 2034 equitibus
1104 1952 1287 2017 adolescen-

137 2058 223 2122 tibus
246 2057 363 2123 strictis
385 2056 502 2140 gladiis
526 2049 596 2122 esse
617 2056 752 2140 petitum
774 2061 870 2137 atque
892 2058 1030 2121 futurum
1054 2054 1153 2120 fuisse
1175 2058 1210 2119 ut
1233 2072 1286 2118 nc-

137 2165 278 2242 caretur,
308 2157 371 2223 nisi
386 2157 493 2250 'Curio
521 2161 553 2222 et
581 2157 651 2240 ipse
675 2156 787 2223 Cicero
813 2158 966 2222 auxilium
988 2155 1144 2221 tulissent.
1189 2153 1287 2235 Haec,

136 2278 219 2340 quae
234 2259 267 2325 in
282 2259 476 2356 „Cicerone“
488 2256 717 2348 desiderpntur‚
733 2259 754 2322 l.
768 2277 792 2323 s.
806 2277 831 2323 s.
848 2257 1047 2342 excipiuntur
1059 2256 1150 2322 hisce
1164 2255 1288 2322 verbis:

114 2407 117 2414 .
134 2363 233 2426 τοῦτο
247 2360 308 2444 μὲν
324 2357 381 2425 οὖν
398 2351 455 2424 οὐκ
471 2354 547 2424 οἶδα
568 2351 663 2436 ὅπως
683 2353 700 2424 ὁ
724 2363 883 2445 Κικέρων,
908 2357 1030 2444 εἴπερ
1053 2343 1097 2442 ἦν
1116 2349 1286 2442 ἀληθές,

135 2459 174 2528 ἐν
196 2465 249 2546 τῴ
271 2463 370 2548 περὶ
391 2456 685 2547 recinentes
701 2453 772 2525 οὐκ
788 2458 979 2547 ἔγραψεν.
1013 2458 1167 2536 Quamvis
1181 2459 1287 2524 levem

134 2564 342 2630 Plutarchum
370 2563 402 2628 in
432 2562 568 2627 citandis
598 2563 781 2629 auctoribus
811 2561 925 2628 ducas:
954 2581 1029 2627 num
1058 2558 1187 2643 credas,
1215 2579 1288 2625 eum

136 2664 235 2730 etiam
257 2664 315 2726 illa
336 2663 437 2729 verba
466 2683 507 2728 ex
528 2665 614 2729 fonte
637 2683 694 2730 suo
716 2664 911 2748 sumpsisse?
954 2663 1100 2728 Profecto
1121 2661 1177 2726 ille
1199 2661 1288 2726 locus

136 2765 287 2830 Heerenii
316 2765 505 2830 sententiam
528 2765 647 2846 optime
672 2765 844 2831 confirmat.
888 2765 972 2829 Nam
993 2767 1079 2828 recte
1100 2762 1288 2843 intellegere

135 2865 215 2930 mihi
237 2865 365 2947 videor,
394 2865 544 2949 primum:
574 2866 745 2932 Plutarcho
766 2871 876 2931 notum
901 2864 999 2929 fuisse
1026 2861 1288 2928 commentarium

136 2968 297 3034 Ciceronis
320 2967 399 3052 περὶ
423 2961 491 3044 har,
516 2965 646 3033 deinde:
669 2967 875 3033 Plutarchum
897 2965 930 3031 in
952 2965 1019 3030 vita
1041 2963 1212 3038 Ciceronis,
1234 2961 1288 3027 ubi

134 3071 225 3135 illam
253 3069 520 3134 narratiunculam
543 3088 606 3133 non
629 3068 762 3149 haheat,
791 3067 957 3134 historiam
980 3063 1206 3131 coniurationis
1228 3064 1287 3130 Ca-

135 3170 295 3236 tilinariae
318 3191 359 3235 ex
382 3168 607 3248 commentario
630 3169 776 3234 hausisse
788 3171 821 3253 ¹).

221 3273 290 3336 Iam
314 3271 390 3352 quid
412 3271 588 3337 iudicemus
611 3270 651 3336 de
670 3270 798 3336 Dione?
827 3268 1056 3334 Wilmannsius
1079 3265 1208 3346 quidem
1230 3286 1287 3349 pu-

137 3380 185 3439 tat
193 3370 230 3455 ²),
253 3393 325 3438 eum
344 3373 518 3457 permultas
532 3373 704 3438 relationes
720 3370 909 3454 confudisse,
932 3367 999 3436 scil.
1016 3365 1169 3450 Sallustii,
1192 3366 1286 3449 Livii,

225 3507 248 3569 t)
270 3505 362 3559 Locus
391 3519 470 3572 quem
493 3505 624 3574 proposui
649 3497 738 3569 (Caes.
766 3506 792 3568 8)
817 3517 930 3571 prorsus
959 3499 1069 3554 dubium
1091 3497 1193 3563 reddit,
1221 3515 1288 3552 num

136 3589 301 3644 Plutarchus
321 3588 432 3644 Sallusti
453 3589 552 3645 librum
577 3589 684 3642 omnino
708 3587 809 3656 legerit.
847 3586 918 3641 Nam
941 3587 1024 3640 verba
1047 3583 1200 3647 declarant,
1224 3599 1287 3637 cum

137 3679 219 3728 antea
237 3673 392 3740 nescivisse,
412 3675 556 3728 Caesarem
573 3674 695 3727 intanto
713 3671 834 3742 periculo
846 3673 982 3726 versatum
994 3685 1063 3724 esse.
1092 3669 1132 3721 At
1142 3667 1286 3724 Sallustius

138 3771 245 3825 quoque
266 3764 359 3812 narrat
383 3757 451 3824 (Cat.
478 3761 523 3824 49,
546 3762 587 3822 4),
613 3773 667 3811 non
687 3757 776 3812 nullos
794 3755 897 3825 equites
915 3754 1051 3808 Romanos
1070 3752 1182 3808 Caesari
1197 3753 1286 3820 gladio

136 3840 275 3895 minitatos
293 3857 360 3896 esse.
391 3843 495 3896 Locum
513 3845 603 3896 autem
615 3840 755 3894 Plutarchi
767 3855 800 3893 ex
812 3839 977 3892 Sallustiana
991 3837 1141 3892 derivatum
1152 3853 1206 3892 non
1219 3852 1286 3903 esse,
1356 3841 1359 3846 '

137 3940 171 3979 ex
189 3941 220 3979 eo
239 3930 360 3994 apparet,
379 3927 450 3994 quod
467 3925 631 3979 Plutarchus
646 3924 769 3978 Curionis
787 3927 814 3977 et
827 3922 964 3977 Ciceronis
983 3921 1144 3975 mentionem
1159 3921 1234 3986 facit,
1253 3921 1288 3976 de

137 4008 235 4076 quibus
253 4009 397 4066 Sallustius
415 4015 497 4064 tacet.
1086 4025 1089 4032 ’

225 4095 250 4158 2)
268 4093 310 4146 De
326 4093 422 4150 Dionis
441 4093 527 4150 Cassii
543 4093 664 4149 fontibus
683 4096 711 4147 et
727 4093 897 4158 auctoritate,
915 4090 1003 4145 Berol.
1026 4093 1099 4154 1836,
1120 4105 1148 4158 p.
1167 4091 1209 4142 27.

188 4185 303 4238 lactentem
316 4187 416 4230 Studien.
444 4187 463 4230 I.
1049 4194 1080 4244 21
