3202 4862
370 375 403 450 de
420 371 558 436 Cicerone,
576 370 671 425 Asinio
689 371 818 436 Pollione,
837 370 904 423 Gaio
924 368 1019 438 Oppio.
1210 365 1275 425 311'

124 566 187 628 que
211 565 400 629 quaeramus
424 546 512 610 cuius
541 542 680 609 auctoris
708 543 750 608 sit
779 541 952 622 enarratio,
981 560 1063 622 quac
1091 539 1177 625 apud
1199 542 1273 605 Plu-

123 649 268 714 tarchum
292 653 324 712 et
345 648 483 713 Dionem
506 645 625 711 subest.
671 646 753 709 Nam
781 644 901 728 primos
923 643 1027 707 fontes
1050 643 1198 724 detegere
1219 662 1273 708 ne·

124 770 214 816 cesse
236 756 295 814 est.
848 802 850 806 .

209 852 316 932 Atque
333 849 464 915 dubium
479 868 627 914 essenon
642 854 758 932 potest,
783 846 858 927 quin
872 845 942 930 ipse
958 845 1068 910 Cicero
1092 851 1202 910 auctor
1222 846 1272 910 sit.

123 953 333 1026 Inveniuntur
354 951 438 1017 enim
459 951 546 1036 apud
560 951 765 1015 Plutarchum
789 954 821 1014 et
835 948 980 1030 Dionem,
1005 965 1087 1027 quae
1103 946 1274 1011 Sallustius

125 1053 256 1137 quidem
271 1059 461 1137 praetereat,
479 1052 589 1117 Cicero
605 1058 713 1116 autem
727 1051 760 1115 in
776 1049 972 1115 orationihus
983 1055 1038 1113 aut
1049 1056 1275 1115 commemoret

124 1163 180 1221 aut
207 1157 335 1222 silentio
364 1155 559 1238 comprobet.
602 1152 639 1216 E.
661 1173 691 1234 g.
715 1150 905 1217 Plutarchus
927 1151 1006 1233 (Cio.
1029 1170 1055 1215 c.
1082 1150 1134 1235 14)
1158 1158 1190 1216 et
1212 1151 1274 1216 Dio

124 1257 190 1339 (37,
206 1261 255 1340 29,
272 1258 305 1341 4)
319 1262 459 1340 narrant,
476 1254 660 1320 Ciceronem
675 1253 842 1318 loricatum
856 1253 890 1317 in
905 1272 1051 1336 campum
1070 1250 1275 1320 descendisse

125 1359 323 1426 comitiorum
352 1353 570 1423 habendorum
584 1352 585 1356 ’
600 1375 705 1420 causa.
751 1353 843 1431 Quod
873 1374 944 1419 cum
973 1353 1058 1438 apud
1088 1353 1274 1418 Sallustium

125 1459 351 1541 desideremus,
376 1459 485 1525 Cicero
501 1457 681 1522 testimonio
705 1475 762 1522 suo
778 1455 943 1520 confirmat
957 1455 1027 1539 (pro
1044 1455 1123 1522 Mur.
1140 1458 1190 1538 26,
1210 1454 1274 1540 52).

126 1562 223 1628 Cuius
238 1562 285 1626 rei
304 1581 341 1626 eo
364 1560 467 1642 magis
489 1560 593 1644 ipsum
610 1558 795 1624 Ciceronem
817 1564 978 1624 auctorem
1001 1556 1179 1623 ducendum
1203 1576 1275 1622 cen-

125 1683 195 1746 seo,
226 1683 287 1744 quo
312 1663 442 1746 propius
464 1675 541 1728 vero
563 1661 690 1728 videtur
712 1680 798 1744 esse,
827 1660 995 1726 simulasse
1018 1680 1089 1724 eum
1117 1660 1274 1743 timorem,

124 1785 165 1830 ne
188 1786 208 1829 a
230 1765 369 1830 Catilina
390 1764 529 1849 pugione
551 1767 711 1845 peteretur
723 1759 758 1845 1).

209 1868 309 1931 Porro
332 1865 442 1931 Cicero
464 1866 499 1930 in
527 1870 639 1929 senatu
669 1884 697 1928 a.
722 1861 752 1926 d.
775 1863 847 1927 Xll.
870 1864 943 1926 Kal.
965 1863 1048 1928 Nor.
1078 1864 1185 1929 dicere
1212 1884 1276 1929 non

125 1967 244 2052 potuit,
273 1967 307 2032 C.
331 1965 483 2030 Manlium
506 1971 592 2029 certo
614 1964 668 2028 die
688 1964 722 2028 in
745 1964 842 2028 armis
863 1965 933 2028 sore
959 1961 1043 2046 (Cat.
1059 1965 1075 2028 I
1091 1970 1119 2049 3,
1137 1967 1186 2048 7),
1214 1965 1277 2030 nisi

127 2074 248 2132 certum
269 2067 422 2132 indicium
445 2065 669 2131 coniurationis
692 2064 723 2130 ei
744 2065 863 2131 iactum
878 2072 964 2131 essct
973 2066 1008 2149 ²).
1045 2066 1158 2149 Itaque
1174 2067 1193 2130 l.
1210 2086 1234 2130 s.
1251 2086 1275 2131 s.

126 2169 249 2233 litteras
278 2167 458 2250 significare
486 2166 612 2233 videtur
639 2167 718 2231 mihi
748 2186 820 2250 eas,
856 2184 936 2246 quas
963 2175 1057 2234 nocte
1087 2169 1225 2252 quadam
1256 2189 1277 2233 a

126 2270 241 2335 Crasso
270 2276 302 2335 et
329 2270 482 2335 Marcello
510 2269 705 2349 Metelloque
728 2268 873 2333 Ciceroni
901 2269 1025 2334 delatas
1051 2271 1128 2335 dicit
1150 2275 1277 2354 praeter

124 2371 331 2437 Plutarchum
348 2370 427 2453 (Cio.
446 2375 499 2454 153
525 2369 628 2437 Crass.
649 2369 701 2452 13)
724 2370 795 2450 Dio,
812 2369 938 2435 etiamsi
953 2391 1020 2436 rem
1035 2391 1190 2454 perquam
1206 2373 1273 2438 brc-

125 2473 208 2538 viter
230 2472 358 2554 attingit
381 2471 421 2554 (c.
438 2477 473 2536 31
480 2522 488 2555 ‚
508 2472 549 2554 1).

211 2574 279 2639 lam
308 2575 337 2640 si
358 2580 526 2654 utrumque
548 2594 691 2641 seorsum
714 2573 918 2656 tentabimus,
940 2574 1129 2639 Plutarchus
1152 2575 1276 2640 Cicero·
1359 2659 1361 2664 λ

126 2694 217 2756 nem,
249 2693 441 2755 quamquam
463 2675 603 2756 equestri
624 2677 695 2742 loco
718 2681 806 2741 ortus
830 2682 927 2758 esset,
958 2677 1097 2741 omnium
1123 2677 1277 2744 bonorum

127 2795 281 2842 consensu
303 2777 465 2842 consulem
487 2777 605 2841 factum
631 2795 703 2842 esse
725 2777 835 2841 scribit
857 2775 936 2856 (Cic.
964 2782 1000 2840 10
1026 2777 1083 2857 in.;
1109 2781 1146 2839 11
1165 2778 1275 2860 extr.);

127 2884 238 2944 contra
260 2878 431 2944 Sallustius
454 2877 578 2944 nobiles
601 2878 740 2943 offensor
762 2878 900 2942 hominis
922 2876 997 2942 novi
1023 2878 1177 2960 petitione
1205 2873 1277 2942 conss

127 2981 248 3045 sulatus
271 2987 338 3045 tum
362 2977 489 3044 demum
513 2980 647 3045 cessisse
670 2979 767 3058 tradit
789 2979 873 3061 (Cat.
897 2978 960 3062 23),
984 2999 1054 3044 cum
1077 2980 1278 3061 respublica

127 3083 160 3147 in
182 3082 356 3166 periculum
380 3081 487 3146 vocari
503 3080 672 3147 videretur.
711 3080 821 3146 Cicero
843 3088 951 3147 autem
973 3081 1043 3166 ipse
1066 3081 1106 3146 de
1129 3101 1164 3146 se
1186 3101 1277 3166 prae-

128 3183 215 3248 dicat
236 3179 283 3266 (in
298 3183 403 3249 Vatin.
420 3187 448 3266 2,
466 3183 515 3265 6):
538 3187 825 3260 „memento...me
841 3203 913 3248 cum
928 3183 1067 3248 universi
1085 3185 1195 3268 populi
1215 3185 1277 3249 Ro-

129 3284 215 3348 mani
230 3305 353 3349 summa
368 3286 533 3350 uoluntate
551 3290 617 3349 tum
641 3285 753 3369 optimi
775 3285 927 3364 cuiusque
949 3285 1104 3366 singulari
1125 3285 1277 3350 studio...

129 3386 292 3451 consulem
306 3387 444 3450 iactum“
460 3387 527 3468 (cfr.
546 3389 586 3453 de
597 3388 659 3470 leg.
671 3407 738 3469 agr.
750 3387 781 3450 ll
797 3390 823 3467 1,
838 3391 933 3467 3sqq.
946 3386 979 3450 in
990 3386 1096 3451 Pison.
1116 3389 1142 3466 1,
1157 3383 1276 3467 3sqq.).

130 3487 195 3552 Sed
218 3508 259 3552 ne
281 3487 405 3571 longior
428 3488 500 3571 sim,
524 3509 686 3572 compara,
710 3507 845 3570 quaeso,
870 3487 928 3552 hos
950 3488 1039 3552 locos
1061 3486 1225 3551 Plutarchi
1247 3494 1279 3552 et

12 3647 18 3656 a
130 3589 305 3655 Ciceronis:
897 3613 898 3618 ¹

216 3862 240 3922 1)
259 3856 314 3910 Otr.
331 3857 400 3911 lohn
417 3857 434 3910 l.
443 3858 462 3912 1.
480 3875 506 3926 p.
517 3862 575 3910 146.
611 3857 678 3911 lhne
696 3858 773 3923 (iiber
791 3858 844 3912 den
863 3857 977 3912 Catilina
995 3855 1041 3911 des
1060 3853 1163 3910 Sallust
1179 3855 1208 3909 in
1226 3855 1278 3910 den

129 3941 211 3996 Verh.
231 3940 279 3995 der
301 3945 342 3996 16.
361 3941 428 3994 Phil.
447 3941 525 3995 Vers.
542 3957 577 3994 nu
594 3941 766 4010 Wuerzburg
789 3947 867 4006 1869,
890 3959 917 4010 p.
939 3947 996 4008 101)
1021 3947 1123 3995 metum
1141 3940 1277 3994 Ciceronis

129 4027 229 4080 iustum
246 4026 330 4079 tuisse
347 4025 459 4080 iudicat.

214 4117 240 4178 ’1)
260 4109 312 4165 ctr.
331 4110 401 4164 lohn
418 4127 444 4179 p.
463 4115 521 4165 194.
