3202 4862
3 4157 19 4229 l

374 399 407 456 de
425 400 563 468 Cicerone,
581 399 676 455 Asinio
694 400 824 469 Pollione,
843 401 912 456 Caio
931 400 1027 471 Oppio.
1217 399 1278 460 357

120 574 251 659 Oppius
268 593 285 638 e
302 571 442 638 tenebris
457 571 491 634 in
506 572 608 639 lucem
623 577 756 640 vocatur
768 571 801 657 ¹),
824 592 887 639 uon
905 571 1009 638 solum
1030 577 1130 639 totam
1145 574 1279 641 oruatio-

120 697 200 743 nem
223 680 321 756 atque
343 672 649 740 administrationem
669 693 773 740 rerum
789 673 993 740 familiarium
1009 673 1156 740 Caesaris
1171 675 1278 760 habet,

121 775 186 844 scd
208 776 305 842 etiam
328 773 437 842 omnia
457 775 587 856 negotia
603 775 745 842 absentis
761 774 907 841 Caesaris
922 774 1063 859 explicat
1078 781 1110 841 et
1123 774 1279 860 imprimis

47 916 50 921 -
122 879 337 962 epistularum
353 877 576 943 commercium
591 877 674 944 inter
688 877 822 944 Romam
837 882 869 942 et
884 877 1024 944 Galliam
1039 877 1279 944 Britanniamve

118 978 253 1065 regitll.
309 978 513 1045 Manifestum
541 976 637 1060 igitur
667 984 715 1045 est
754 998 826 1045 eum
853 979 919 1045 iam
947 978 1055 1045 multis
1083 985 1158 1045 ante
1188 981 1279 1046 annis

121 1089 236 1166 partes
259 1081 406 1148 Caesaris
429 1079 617 1163 suscepisse.
653 1079 802 1161 Equestri
823 1081 896 1146 loco
919 1087 1006 1147 ortus
1028 1100 1185 1146 unacum
1205 1082 1278 1149 Cor-

122 1183 216 1249 nelio
237 1182 340 1249 Balbo
351 1182 377 1265 ³)
401 1203 421 1247 a
442 1181 581 1248 Caesare
596 1181 714 1246 ,stabat
741 1201 843 1264 usque
870 1181 914 1247 ad
942 1189 1076 1249 mortem
1106 1183 1189 1266 eiua,
1219 1203 1279 1248 neo
1387 1268 1389 1274 Ι

124 1284 222 1350 facile
243 1284 405 1368 invenias,
429 1283 482 1366 qui
505 1281 636 1348 meliore
658 1280 722 1348 fide
745 1281 916 1349 Caesarem
938 1285 1106 1368 amplexus
1129 1285 1187 1368 sit,
1210 1283 1277 1366 qui-

124 1406 191 1469 que
212 1385 361 1451 laudibus
383 1385 451 1452 eins
473 1383 693 1450 vehementius
717 1383 797 1451 Gaio
821 1382 925 1469 Oppio
947 1384 1111 1452 studuerit.

213 1487 316 1554 Homo
347 1507 450 1554 essem
477 1505 622 1552 summae
650 1486 806 1571 levitatis,
838 1487 866 1552 si
893 1508 950 1572 pro
975 1493 1060 1554 certo
1086 1485 1278 1556 affirmarem

126 1587 337 1656 Plutarchum
367 1588 473 1674 priore
501 1593 593 1672 parte
622 1587 718 1654 uitae¹
737 1586 884 1655 Caesaris
912 1589 946 1656 C.
969 1588 1108 1675 Oppium
1135 1596 1278 1656 secutum

125 1709 209 1756 esse.
241 1689 404 1774 Suspioari
425 1689 505 1756 mihi
526 1690 629 1756 liceat.
665 1689 731 1756 Sed
751 1690 813 1756 hoc
828 1691 897 1757 loco
914 1690 996 1757 duae
1012 1711 1062 1757 res
1077 1690 1277 1776 subveniunt,

124 1791 244 1872 quibus
266 1791 326 1856 nisi
348 1791 442 1857 fallor
463 1793 621 1858 sententia
643 1812 715 1858 mea
736 1791 832 1858 valde
855 1791 1086 1875 comprobatur.

212 1893 354 1958 Primum
381 1892 465 1958 enim
492 1893 607 1958 mirum
635 1900 696 1976 est,
727 1893 837 1977 quanti
865 1892 1016 1961 momenti
1045 1895 1133 1979 apud
1153 1897 1275 1964 Plutar-

125 1994 222 2060 chum
251 1993 398 2060 Caesaris
426 2014 477 2061 res
506 1994 672 2060 familiaris
702 1995 758 2079 sit,
787 2013 899 2061 verum
929 1995 1026 2062 etiam
1056 2015 1153 2078 quam
1181 1998 1277 2064 iuter-

125 2095 204 2163 dum
226 2095 384 2163 subtiliter
407 2097 441 2163 in
463 2095 597 2163 edendis
619 2097 751 2162 summis
772 2116 936 2162 numerum
960 2104 1153 2180 exsequatur
1174 2097 1218 2186 (1,
1242 2108 1275 2185 5,

125 2202 164 2281 2,
190 2203 223 2282 1;
248 2202 285 2281 4,
308 2201 341 2282 33
366 2205 401 2283 5,
425 2203 460 2282 o,
486 2202 519 2281 7,
542 2202 578 2282 2;
605 2203 659 2282 11,
683 2201 719 2282 23
745 2201 799 2281 12,
823 2201 858 2281 33
883 2202 939 2284 20,
963 2202 997 2284 2,
1022 2203 1077 2284 21,
1101 2204 1134 2283 3;
1160 2204 1210 2284 21,
1234 2201 1277 2284 5).

87 2336 91 2344 »
124 2298 317 2366 Plutarchus
331 2299 420 2366 solus
436 2298 584 2365 dilucidis
599 2299 707 2366 verbis
720 2299 869 2366 Crassum
884 2320 956 2365 eum
970 2300 1069 2366 fuisse
1085 2300 1172 2386 dicit,
1188 2304 1277 2370 cuius

126 2401 256 2467 auxiliis
278 2399 470 2486 pecuniariis
492 2400 612 2468 Caesar
634 2423 651 2468 e
674 2401 820 2466 manibus
842 2401 1033 2469 creditorum
1049 2410 1176 2489 ereptus
1192 2411 1278 2471 esset

121 2502 164 2586 (c.
191 2499 243 2586 11)
259 2501 296 2584 ⁴).
342 2500 436 2569 Solus
465 2503 654 2570 Plutarchus
684 2504 779 2570 docet
793 2503 836 2586 5),
867 2503 1026 2585 quomodo
1056 2505 1175 2573 Caesar
1203 2527 1275 2592 pro·
1344 2553 1347 2558 -

122 2609 253 2689 praetor
282 2603 314 2668 in
341 2604 499 2689 Hispania
525 2606 677 2671 ulteriore
705 2606 928 2672 obaeratorum
957 2607 1173 2674 calamitatem
1202 2597 1285 2675 sub-¹

123 2707 240 2773 levarit
261 2703 302 2788 (c.
328 2703 391 2791 12).
435 2705 598 2788 Denique,
628 2705 714 2786 quod
736 2707 823 2772 solus
844 2708 1035 2775 Plutarchus
1055 2709 1166 2792 refert,
1197 2708 1275 2776 Cae-

123 2827 230 2874 sarem
247 2808 353 2874 Luoae
375 2814 502 2892 praeter
523 2806 783 2892 prorogationem
803 2809 1037 2892 provinciarum
1061 2810 1157 2874 etiam
1179 2831 1274 2894 pecu·
1388 2841 1398 2862 ·

123 2909 197 2974 nias
223 2908 419 2993 postulasse,
453 2909 522 2976 sine
553 2907 650 2975 dubio
679 2928 745 2974 rem
774 2914 862 2976 tenet
889 2907 1019 2994 (1.21).
1067 2910 1137 2988 Quo
1167 2918 1275 2979 autem

124 3011 229 3076 minus
250 3014 376 3078 veteres
399 3009 569 3094 scriptores
585 3010 800 3094 pecuniarum,
824 3011 914 3078 nervi
935 3012 1020 3078 illius
1043 3033 1148 3079 rerum
1171 3016 1275 3081 —sit

123 3113 220 3178 venia
241 3113 340 3179 verbo
363 3148 413 3198 —,
440 3113 595 3179 rationem
617 3112 737 3178 habere
758 3112 876 3179 solent:
903 3133 941 3180 eo
963 3114 1067 3197 magis
1089 3117 1198 3183 mirari
1220 3115 1274 3184 de-

125 3215 235 3280 bemus
264 3215 470 3281 Plutarchum
498 3220 664 3299 tantopere
694 3214 823 3281 habere.
867 3215 981 3298 Neque
1004 3236 1080 3284 vero
1108 3219 1185 3302 ipsi,
1216 3219 1274 3285 sed

121 3315 203 3383 fonti
225 3315 293 3381 eius
323 3315 451 3382 laudem
478 3317 664 3383 tribuemus.
708 3314 825 3382 Omnia
846 3320 954 3382 autem
976 3316 1057 3384 haec
1078 3318 1111 3384 in
1134 3318 1273 3404 Oppium

122 3417 281 3499 quadrare
304 3417 375 3497 quis
396 3423 502 3502 potest
523 3419 665 3502 negare?

212 3637 236 3700 r)
254 3633 298 3688 Ad
315 3634 371 3688 Ata.
389 3634 428 3690 lv
448 3639 487 3704 ro,
508 3640 551 3698 14;
570 3635 606 3690 ao
623 3635 653 3704 q.
673 3635 717 3690 Fr.
734 3635 774 3690 111
795 3625 816 3702 1,
836 3639 865 3703 s;
884 3634 929 3700 (ao
946 3635 1041 3690 mcv
1057 3639 1078 3699 r,
1091 3639 1119 3705 a;
1138 3641 1162 3704 r,
1176 3640 1201 3704 a)
1221 3642 1271 3692 etc.

210 3718 550 3787 mMQstfflab

209 3805 234 3869 3)
252 3803 318 3858 Tac.
336 3819 398 3857 ann.
416 3802 470 3857 XII
488 3808 529 3869 60,
547 3808 572 3857 4.

208 3891 234 3955 4)
253 3887 282 3941 Si
299 3887 357 3956 quis
375 3891 455 3956 putat
467 3888 644 3942 Plutarchum
661 3889 714 3942 hoo
731 3889 792 3944 looo
810 3889 973 3958 repetivisse,
993 3905 1060 3959 quae
1072 3889 1101 3944 in
1113 3889 1169 3945 rita
1181 3889 1273 3946 Crassi

122 3976 156 4038 (o.
175 3975 201 4037 ῖ)
219 3970 380 4040 scripsisset,
398 3979 503 4028 cenare
521 3989 575 4028 non
593 3989 712 4040 possum.

208 4059 234 4122 5)
251 4055 363 4110 Praeter
385 4057 540 4113 Ciceronem
562 4057 621 4124 (cfr.
639 4073 687 4126 pro
706 4058 791 4113 Balbo
812 4063 851 4125 19,
869 4063 927 4125 43),
951 4075 1029 4128 quem
1051 4059 1124 4113 Plut.
1143 4057 1193 4114 hio
1218 4076 1272 4115 uon

122 4139 253 4208 seqnitur,
272 4156 333 4194 oum
351 4141 435 4194 multa
452 4141 557 4210 afferat,
578 4157 647 4211 quae
665 4141 737 4211 apud
755 4142 911 4199 Ciceronem
930 4143 1123 4199 desideramus.
