3202 4862
276 371 338 435 352
715 373 846 442 Georgius
864 373 987 428 'Phouret

276 548 400 632 bpsque
422 545 488 613 suis
511 544 659 612 Caesaris
682 545 940 628 commentarios,
971 565 1042 610 cum
1071 548 1237 629 tantopere
1266 565 1322 612 ecs
1349 546 1431 612 vitu-

275 654 402 734 peraret
425 645 494 731 (cfr.
511 645 598 714 Suet.
614 648 672 713 Iul.
690 647 755 731 56),
779 647 936 730 corrigere
951 645 1081 729 quidem
1095 646 1212 733 potuit:
1236 646 1295 713 sed
1309 667 1429 730 augere

276 757 308 815 et
335 747 533 833 amplificare
554 769 618 816 non
639 749 751 833 potuit.
794 749 921 833 Angent
943 753 1049 815 autem
1073 746 1331 833 amplificantquc
1353 748 1429 816 Plu-

276 852 404 918 tarchus
433 854 465 916 et
493 850 658 936 Appianus
687 869 738 916 res
767 869 788 914 a
815 849 955 916 Caesare
984 855 1102 934 gestas.
1146 852 1183 916 In
1212 871 1321 935 pugna
1343 850 1428 917 enim

276 958 388 1020 contra
415 952 533 1037 Belgas
562 951 732 1019 commissa
759 955 807 1018 tot
834 952 944 1018 hostes
974 970 1085 1018 caesos
1110 951 1302 1019 Plutarchus
1331 953 1429 1019 refert

276 1055 317 1137 (c.
341 1057 398 1136 20,
423 1050 473 1137 4):
502 1045 584 1129 ὥςτε
612 1055 667 1118 καὶ
697 1053 815 1135 λίμνας
840 1054 897 1117 καὶ
919 1049 1094 1135 ποταμοὺς
1114 1057 1237 1136 βαθεῖς
1258 1065 1330 1130 τοῖς
1348 1048 1430 1118 Ῥω-

275 1159 390 1237 μαίοις
413 1156 533 1239 νεκρῶν
555 1153 685 1242 πλήθει
706 1151 873 1242 περατοὺς
897 1159 1066 1240 γενέσθαι.
1104 1155 1167 1221 cfr.
1189 1155 1272 1240 App.
1295 1155 1332 1222 fr.
1357 1161 1384 1238 1,
1409 1161 1430 1220 4

275 1256 379 1322 Bekk.
394 1277 425 1340 p.
442 1258 552 1333 susat:
572 1253 657 1339 μετὰ
677 1255 813 1332 τούτους
835 1251 852 1320 ὁ
869 1261 1003 1342 Καῖσαρ
1026 1269 1097 1333 τοῖς
1112 1257 1328 1340 καλουμένοις
1344 1258 1429 1322 Βέλ-

275 1380 350 1442 γαις
377 1354 552 1423 ἐπιπεσών
580 1356 734 1441 ποταμόν
762 1382 838 1423 τινα
866 1361 1011 1444 περῶσι,
1041 1356 1220 1434 τοσούτους
1245 1349 1430 1424 ἀπέκτεινεν

276 1455 322 1536 οὓς
349 1457 407 1525 τὸν
435 1456 590 1541 ποταμὸν
617 1462 857 1545 γεφαρωθέννα
886 1472 957 1537 τοῖς
981 1459 1114 1543 σώμασι
1136 1463 1294 1546 περᾶσαι.
1339 1461 1430 1528 Haec

275 1567 353 1627 nata
374 1568 448 1627 sunt
470 1579 488 1624 e
511 1562 581 1626 loco
605 1559 752 1626 Caesaris
774 1581 886 1629 comm.
904 1561 934 1628 d.
950 1563 981 1628 b.
997 1562 1083 1629 Call
1110 1569 1157 1644 10,
1181 1565 1216 1628 2:
1238 1563 1347 1628 hostes
1368 1563 1426 1628 im-

275 1662 401 1748 peditos
430 1661 530 1728 nostri
559 1661 591 1727 in
619 1660 748 1728 flumine
777 1663 922 1746 adgressi
952 1683 1102 1748 magnum
1129 1685 1239 1732 eorum
1261 1684 1428 1730 numerum

276 1763 473 1830 occiderunt:
501 1783 559 1847 per
587 1783 697 1831 eorum
726 1785 860 1850 corpora
887 1766 1027 1848 reliquos
1056 1766 1269 1832 audacissime
1292 1767 1428 1832 transire

276 1869 427 1931 conantes
450 1883 477 1930 e.
495 1884 524 1947 q.
541 1883 565 1930 s.
609 1866 716 1947 Atque
739 1867 836 1932 etiam
859 1887 946 1935 error
967 1868 1090 1936 subest:
1116 1888 1191 1933 nam
1212 1888 1276 1934 non
1291 1867 1428 1934 Romani

277 1965 346 2046 (cir.
362 1966 445 2032 Plut.
461 1987 486 2033 s.
502 1965 551 2050 s),
573 1967 631 2034 sed
653 1968 762 2033 hostes
783 1968 902 2035 flumen
924 1968 1059 2035 transire
1085 1970 1190 2035 conati
1216 1975 1297 2035 sunt.

359 2069 430 2135 Hac
452 2073 559 2135 autem
581 2067 614 2135 in
636 2089 671 2136 re
688 2070 877 2136 Plutarchus
892 2069 1021 2137 modum
1037 2071 1172 2138 excedit.
1210 2072 1326 2137 Narrat
1341 2071 1428 2137 enim

275 2167 315 2252 (c.
333 2173 383 2251 27,
400 2168 433 2254 4)
455 2169 585 2236 Caesari
608 2170 789 2255 contigisse,
813 2176 932 2238 utnon
954 2173 1058 2240 solum
1080 2173 1167 2241 cives
1189 2172 1276 2239 urbis
1296 2171 1428 2240 Alesiae

275 2269 534 2338 circumvallatas
541 2322 550 2355 ,
578 2271 637 2338 sed
665 2273 761 2339 etiam
789 2272 890 2356 ipsius
918 2273 1049 2356 milites,
1081 2294 1161 2357 quos
1183 2281 1294 2342 contra
1315 2275 1427 2342 urbem

275 2373 472 2454 collocasset,
496 2372 537 2438 de
558 2372 680 2458 impetu
702 2378 749 2439 tot
771 2373 894 2439 milium
910 2373 1074 2441 Gallorum
1097 2378 1224 2460 celaret,
1248 2377 1303 2458 qui
1325 2377 1424 2444 omni-

274 2475 334 2541 bus
356 2475 478 2541 viribus
501 2473 744 2556 contendebant,
767 2481 802 2539 ut
823 2481 950 2542 exteras
967 2477 1157 2545 munitiones
1174 2485 1424 2564 perrumperent.

274 2574 364 2640 Haec
391 2593 485 2639 nemo
514 2574 640 2659 scripsit
667 2574 728 2640 nisi
756 2575 802 2642 rei
832 2575 978 2644 militaris
1006 2578 1280 2664 imperitissimus:
1316 2581 1425 2663 itaque

273 2673 421 2741 Asinium
435 2674 613 2742 Pollionem
634 2675 754 2743 iontem
768 2678 931 2744 Plutarchi
953 2679 1051 2747 fuisse
1072 2701 1245 2765 numquam
1261 2683 1339 2750 mihi
1354 2704 1424 2769 per-

273 2776 468 2844 suadebitur.

358 2879 531 2946 Praeterea
554 2877 685 2946 evidens
708 2885 757 2946 cst
779 2887 941 2949 auctorem
964 2901 1005 2948 ex
1023 2886 1258 2951 commentariis
1277 2886 1423 2953 Caesaris

273 2998 331 3044 sua
354 2981 525 3047 corrasisse
546 3000 651 3064 neque
673 2981 774 3048 ullum
796 2982 895 3048 alium
911 2983 1031 3051 fontem
1052 2984 1237 3054 adhibuisse
1255 2988 1317 3054 nisi
1331 3008 1422 3055 suum

273 3099 414 3145 amorem
430 3100 507 3164 erga
522 3081 702 3148 Caesarem.
734 3081 875 3148 Primum
892 3084 976 3151 enim
992 3085 1078 3170 quod
1092 3087 1206 3156 attinet
1220 3090 1264 3157 ad
1278 3091 1421 3172 singulas

272 3198 325 3245 res
352 3184 475 3263 gestas,
505 3181 695 3248 Plutarchus
725 3186 757 3248 et
778 3182 946 3269 Appianas
974 3189 1069 3271 plane
1096 3208 1167 3255 cum
1190 3190 1327 3259 Caesare
1350 3212 1422 3258 con·

272 3280 419 3348 sentiunt.
464 3276 623 3369 Compara
645 3282 685 3350 de
707 3284 864 3353 Helvetiis
885 3287 974 3355 locos
996 3289 1108 3356 hosce:

335 3384 420 3450 Plut.
439 3387 477 3450 18
497 3391 592 3452 exta:
615 3386 705 3470 καλῷ
728 3385 764 3452 δὲ
786 3389 835 3472 τῷ
926 3389 1134 3476 Caes.128,3
1147 3411 1233 3476 sqq.:
1246 3393 1420 3476 Helvetios,

272 3487 330 3571 τῆς
359 3490 449 3572 νίκης
477 3484 560 3574 ἐ’ρμηι
586 3499 733 3575 κρεῖσσον
756 3486 835 3553 ἕπε’-
861 3490 1030 3576 Tulingos,
1061 3493 1251 3578 Latobrigos
1280 3495 1313 3560 in
1341 3494 1420 3562 fines

271 3591 357 3674 θηκε
384 3584 421 3652 τὸ
452 3591 638 3654 συνοικίσαι
660 3586 737 3665 τοὺς
760 3588 835 3654 δια·
860 3611 951 3676 suos,
980 3594 1064 3661 unde
1087 3601 1176 3662 crant
1201 3597 1349 3682 profecti,
1372 3618 1420 3664 re-

273 3686 439 3774 φυγόντας
467 3684 502 3753 ἐκ
523 3691 581 3775 τῆς
602 3688 709 3777 μάχης
733 3741 740 3755 .
763 3741 770 3755 .
795 3741 803 3756 .
826 3742 834 3756 .
861 3693 942 3759 verti
960 3694 1061 3780 iussit,
1078 3747 1167 3764 .....
1184 3698 1305 3784 oppida
1318 3700 1420 3767 vicos-

271 3789 326 3852 καὶ
344 3780 528 3873 ἀναγκάσαι
547 3787 607 3877 τὴν
626 3789 737 3876 χώραν
753 3783 833 3857 ἆνα-
860 3815 939 3879 qne,
970 3815 1049 3878 quos
1078 3798 1302 3884 incenderant,
1330 3803 1420 3868 resti-

272 3889 519 3972 λαβεῖν...καὶ
535 3889 595 3968 τὰς
608 3891 726 3970 πόλεις
739 3943 831 3960 .....
859 3900 948 3964 tuere
983 3898 1083 3964 iussit.
1130 3900 1170 3965 Id
1206 3920 1245 3967 ea
1281 3903 1420 3970 maxime

329 3985 476 4077 ’Ἑπραξε
491 3990 527 4057 δὲ
542 3995 640 4058 τοῦτο
655 3991 773 4072 deducis
786 3993 831 4082 μὴ
859 3999 983 4067 ratione
1004 3984 1089 4074 fecit,
1113 4000 1198 4083 quod
1222 4003 1323 4070 noluit
1347 4023 1419 4071 enm

270 4088 329 4178 τὴν
362 4090 475 4178 χώραν
509 4091 630 4181 ἐ’ρημον
658 4101 833 4185 γενομένην
859 4099 974 4184 locum,
997 4101 1082 4166 unde
1100 4101 1243 4171 Helvetii
1265 4105 1418 4175 discesse-
