3202 4862
400 353 433 408 de
452 353 590 420 Cicerone,
607 353 702 408 Asinio
721 353 850 417 Pollione,
871 353 938 408 Gaio
958 355 1053 424 Oppio.
1244 354 1303 416 3⁶21

157 526 191 591 in
213 525 437 591 commentario
459 523 622 605 omisisse,
652 523 887 608 cognoscimus,
917 545 981 607 qua
1008 527 1049 591 sit
1078 546 1153 592 usus
1183 527 1305 594 ratione

144 628 307 694 'historiae
329 625 525 692 scribendae.

240 728 324 806 Quid
346 727 445 812 igitur
462 726 604 793 dicamus
619 727 660 792 de
676 727 837 794 Caesare?
867 728 986 795 Notum
1002 734 1051 795 est
1072 733 1199 812 praeter
1224 728 1304 796 duas

156 831 343 912 relationes,
373 847 507 911 quarum
535 847 629 893 uuam
653 828 882 895 Sallustianam
904 830 1040 896 alteram
1062 829 1304 896 Ciceronianam

155 931 335 1011 nominavi,
364 930 499 996 tertiam·
516 928 603 1013 apud
632 929 818 997 Suetonium
847 930 925 1014 (div.
947 931 1021 1012 Iul.)
1049 936 1177 998 exstare
1207 938 1304 1012 atque

155 1035 244 1098 illam
267 1031 395 1115 quidem
419 1030 551 1097 Caesari
571 1031 737 1098 infensam.
781 1033 887 1113 Atque
908 1032 1055 1115 Iohnius,
1079 1033 1167 1098 cuius
1190 1031 1304 1100 disser-

155 1135 306 1202 tationem
328 1135 510 1214 laudarem,
540 1133 568 1198 si
589 1132 685 1200 laude
711 1133 885 1219 indigeret,
916 1135 1036 1218 primus
1064 1154 1162 1200 ausus
1191 1138 1241 1202 est
1269 1135 1303 1200 in

154 1237 260 1322 priore
282 1233 499 1302 coniuratione
514 1231 556 1316 (a.
574 1233 703 1317 688l89)
719 1233 862 1300 Suetonii
878 1234 1092 1301 testimonium
1107 1233 1185 1318 (div.
1196 1238 1254 1302 lul.
1267 1237 1301 1321 9)

154 1343 332 1404 sustentare
354 1336 399 1420 (p.
422 1334 508 1419 722).

239 1439 357 1505 Contra
372 1437 560 1504 Sallustium
582 1442 767 1516 ceterosque
789 1436 959 1520 scriptores
983 1457 1052 1502 cum
1070 1437 1222 1504 Suetonio
1239 1443 1301 1506 sta-

153 1542 221 1623 tuit,
244 1561 273 1606 a.
289 1544 351 1606 688
366 1561 396 1604 u.
413 1558 438 1604 o.
477 1538 627 1604 Crassum
649 1543 681 1603 et
701 1537 871 1604 Caesarem
894 1538 1014 1604 auxilio
1029 1538 1165 1621 Pisonis,
1192 1537 1302 1607 Sullae

152 1643 361 1726 Autroniique
382 1639 417 1706 id
439 1641 560 1724 egisse,
584 1645 619 1706 ut
639 1639 824 1725 perturbato
851 1646 935 1705 statu
957 1641 1005 1705 rei
1027 1639 1176 1725 publicae
1197 1660 1301 1706 rerum

152 1745 336 1829 potirentur.
381 1742 569 1808 Rectissime
592 1742 676 1808 enim
699 1741 776 1806 dicit
797 1743 885 1806 nullo
907 1739 1004 1806 modo
1029 1747 1191 1825 auctores,
1222 1760 1301 1830 quos

153 1852 252 1912 testes
276 1844 445 1910 Suetonius
468 1849 563 1910 vocat
584 1842 743 1909 mendacii
764 1863 785 1907 a
805 1841 898 1907 nobis
920 1842 1050 1923 coargui
1070 1847 1208 1926 posse1).
1253 1845 1301 1910 Eo

152 1953 260 2022 eutem
283 1946 385 2027 magis
408 1944 513 2027 miror,
538 1943 623 2028 qnod
644 1945 678 2007 in
701 1943 917 2008 coniuratione
940 1942 1097 2008 Catilinae
1113 1944 1300 2011 Suetonium

152 2047 351 2130 contempsit,
383 2044 453 2112 Sint
468 2046 713 2127 criminationes,
737 2064 817 2128 quas
838 2044 954 2126 reliqui
974 2045 1144 2129 scriptores
1166 2045 1199 2110 iu
1223 2046 1298 2132 Cae·

151 2169 254 2214 sarem
279 2147 433 2214 conflatas
455 2152 718 2229 commemorent,
739 2145 858 2229 falsae,
885 2146 949 2211 sint
971 2146 1012 2211 ab
1034 2147 1169 2214 inimicis
1190 2147 1299 2214 fictae!

152 2249 218 2315 Sed
249 2254 333 2316 errat
361 2250 490 2316 lohnius
513 2269 584 2314 cum
606 2259 704 2332 negat
727 2247 771 2334 (p.
796 2248 872 2332 815)
899 2264 1090 2328 quemquam
1113 2249 1299 2333 scriptorem

153 2350 302 2417 dilucidis
332 2352 440 2417 verbis
469 2351 640 2417 Caesarem
668 2351 750 2416 iuter
779 2349 882 2415 socios
912 2347 1070 2414 Catilinae
1099 2354 1298 2418 numerasse!

154 2452 238 2530 Quid
261 2453 368 2519 enim?
396 2455 448 2519 An
468 2454 567 2519 verba
584 2452 726 2518 Suetonii
749 2450 872 2532 aliquid
893 2450 1076 2532 relinquunt
1098 2448 1171 2535 (lul.
1187 2473 1212 2518 o.
1233 2453 1299 2536 17);

154 2553 289 2630 „recidit
316 2573 424 2618 rursus
452 2554 485 2617 in
510 2553 679 2619 discrimen
702 2551 805 2635 aliud,
834 2552 917 2618 iuter
939 2551 1043 2618 socios
1066 2553 1223 2620 Catilinae
1245 2575 1300 2620 no·

153 2654 292 2718 minatus
318 2659 349 2717 et
372 2652 457 2736 apud
478 2654 617 2718 Novium
639 2653 772 2736 Nigrum
795 2653 1009 2735 quaesitorem
1032 2673 1052 2716 a
1074 2654 1171 2720 Lucio
1194 2657 1299 2723 Vettio

152 2752 258 2818 indice
280 2754 366 2819 etin
387 2760 501 2819 senatu
523 2773 543 2818 a
565 2753 681 2831 Quinto
703 2752 808 2835 Curio,
834 2754 893 2835 oui,
917 2755 1004 2834 quod
1024 2754 1144 2836 primus
1166 2758 1300 2823 consilia

152 2856 384 2946 coniuratorum
401 2855 575 2940 detexerat,
592 2855 763 2921 constituta
774 2858 864 2920 erant
873 2853 1001 2937 publice
1013 2856 1164 2938 praemia.
1187 2856 1299 2926 Curius

151 2978 168 3022 e
185 2956 324 3022 Catilina
338 2977 373 3023 se
389 2958 577 3040 cognovisse
596 2957 733 3038 dicebat,
756 2954 919 3021 Vettius
941 2955 1063 3020 etiam
1086 2956 1296 3042 chirogra-

150 3059 266 3142 phum
297 3059 366 3125 eius
394 3059 601 3124 Catilinae
630 3058 767 3122 datum
796 3056 1055 3138 pollicebatur?“
1104 3059 1196 3126 Unde
1217 3061 1298 3128 haec

151 3160 343 3225 Suetonius?
379 3161 453 3225 Mea
475 3159 603 3241 quidem
626 3159 783 3226 sententia
805 3156 954 3224 hocloco
976 3157 1106 3225 eosdem
1128 3162 1298 3246 scriptores

152 3267 278 3326 secutus
294 3267 351 3342 est,
375 3275 454 3341 quos
471 3263 577 3346 priore
599 3261 639 3346 (c.
656 3259 700 3344 9).
730 3259 833 3324 Nemo
849 3258 933 3323 enim
948 3259 1031 3323 alter
1045 3279 1148 3323 rerum
1164 3263 1298 3345 scriptor

151 3370 216 3427 tam
240 3362 333 3426 certis
355 3363 461 3429 verbis
490 3383 564 3430 usus
593 3368 649 3428 est.
694 3362 798 3440 Quam
821 3360 950 3425 obrem
973 3365 1195 3426 eutneutrum
1219 3359 1296 3428 Sue-

149 3464 228 3529 tonii
249 3465 354 3529 looum
376 3470 620 3546 aututrumque
642 3462 814 3551 tenendum
836 3480 907 3527 esse
930 3481 1052 3527 censeo.
1085 3533 1092 3557 Ι

234 3565 300 3630 Sed
323 3585 377 3631 cnr
398 3566 528 3631 Iohnius
551 3564 695 3632 Suetonii
720 3563 936 3630 testimonium
964 3584 1021 3647 pro
1050 3561 1151 3628 nihilo
1181 3561 1296 3630 duxit?

150 3659 242 3743 Quod
263 3666 325 3732 viri
346 3667 433 3732 docti
448 3667 618 3740 Caesarem
641 3667 682 3732 ab
705 3665 917 3749 incunabulis,
938 3671 973 3730 ut
993 3665 1040 3729 ita
1055 3665 1169 3747 dicam,
1192 3665 1296 3731 virum

236 3811 260 3900 ll
277 3801 349 3887 Dico
370 3833 518 3887 Tanusium
542 3833 696 3896 Geminum,
723 3833 761 3886 Μ.
786 3832 928 3886 Actorium
951 3830 1087 3885 Nasonem
1110 3836 1193 3900 etque
1214 3832 1295 3888 etiam

143 3917 317 3984 'Ciceronem3
343 3934 412 3983 nam,
431 3934 499 3998 quos
516 3925 624 3987 praeter
641 3918 701 3971 illos
720 3917 799 3970 effert
816 3922 913 3983 testes,
932 3917 1028 3970 Bibulo
1047 3921 1075 3968 et
1093 3916 1203 3972 Curioni
1222 3933 1294 3971 sum·

147 4017 218 4056 mam
236 4001 316 4056 tidem
333 4002 434 4057 habere
452 4002 525 4058 haud
543 4002 682 4068 debemus,
706 4017 767 4055 cum
786 4005 892 4056 constet
908 4006 1052 4068 utrumque
1070 3999 1132 4055 odio
1149 4002 1177 4054 in
1195 4001 1294 4056 Caesa-

145 4103 203 4142 rem
219 4083 356 4154 flagrasse.
