3202 4862
400 377 433 432 de
451 377 587 441 Cicerone,
609 376 703 431 Asinio
721 377 852 443 Pollione,
871 377 940 432 Caio
958 377 1054 446 Oppio.
1243 373 1304 438 319

156 548 299 616 defensio
323 549 471 615 Caesaris
492 568 555 613 non
577 547 724 614 vocanda
746 547 1016 633 essevidetur1),
1043 556 1151 617 tamen
1174 550 1305 618 Caesari

157 651 295 718 maxime
317 650 427 716 favere
450 669 559 715 omnes
581 649 643 716 viri
665 650 751 716 docti
776 649 985 733 consentiunt,
1008 652 1153 734 quamvis
1170 653 1304 735 singulis

155 753 189 819 in
210 754 306 819 rebus
328 752 411 817 inter
432 770 468 817 se
489 750 677 836 discrepent.
713 752 797 817 Nam
812 757 848 816 ut
862 752 973 835 paucis
989 751 1109 818 dicam:
1133 752 1304 821 Sallustius

156 856 197 921 dc
225 855 366 935 ratione,
396 871 459 933 qua
487 851 607 918 Cacsar
633 853 677 920 ad
704 851 955 920 coniurationem
984 873 1060 920 usus
1089 854 1146 938 sit,
1175 875 1304 940 prorsus

155 963 258 1040 tacet,
286 974 357 1022 cum
386 952 472 1018 band
500 953 625 1020 dubitet
651 956 685 1022 in
712 955 863 1020 Crassum
885 955 1098 1040 suspicionem
1125 957 1301 1039 movcr02).

156 1059 270 1139 Neque
299 1056 360 1122 hoc
388 1055 510 1121 mirum.
557 1055 637 1122 Cum
664 1057 749 1123 enim
777 1057 894 1122 librum
920 1063 993 1142 post
1014 1057 1162 1125 Caesaris
1192 1079 1304 1125 necem

157 1162 369 1242 componeret,
390 1156 460 1223 fieri
482 1176 544 1222 non
566 1157 679 1241 potuit,
702 1157 777 1238 quin
800 1158 906 1223 studio
924 1178 982 1223 suo
997 1165 1093 1240 atque
1110 1160 1212 1226 amori
1227 1180 1304 1245 erga

156 1260 327 1326 Caesarem
350 1258 551 1340 aliquantum
571 1257 762 1341 indulgeret.
804 1257 925 1336 Quodsi
947 1262 1086 1325 ostentat
1109 1259 1304 1346 (estrat)

155 1360 313 1427 dicturum
335 1379 370 1425 sc
393 1378 472 1442 esse,
496 1378 592 1443 quam
614 1360 790 1425 verissume
812 1358 923 1444 possit,
946 1359 1043 1426 timeo
1059 1380 1099 1426 ne
1115 1361 1233 1446 seipse
1249 1363 1303 1429 dc·

146 1451 253 1547 ‘cipiat
263 1461 299 1545 ³).
344 1459 424 1526 Cum
452 1459 536 1526 enim
565 1465 687 1526 constet
715 1479 787 1526 eum
813 1460 997 1526 memoriam
1023 1462 1137 1546 prioris
1161 1462 1302 1530 coniura-

155 1563 251 1630 tionis
275 1563 317 1644 (a.
342 1560 471 1642 688189)
493 1581 550 1645 pro
573 1560 679 1643 Sulla,
704 1561 758 1642 qui
780 1567 893 1646 postea
916 1562 1087 1630 Caesarem
1110 1565 1303 1647 sectabatur,

155 1663 381 1748 corrupisseil,
406 1684 510 1730 nonne
533 1669 779 1730 consentaneum
802 1667 945 1729 osteum
967 1683 1025 1747 pro
1048 1665 1186 1732 Caesare
1217 1687 1302 1734 men·

155 1766 248 1832 titum
270 1785 351 1847 esse,
374 1800 416 1810 —
438 1765 466 1830 si
489 1765 584 1830 modo
600 1783 680 1848 opns
696 1765 804 1829 esset?
833 1765 945 1845 Itaque
959 1786 1172 1853 praepropere
1187 1767 1211 1833 ii
1225 1768 1305 1834 mibi

153 1868 296 1935 iudicare
317 1865 476 1948 videntur,
500 1867 553 1946 qui
573 1865 761 1930 Sallustium
789 1871 925 1940 ,testem
953 1867 1111 1949 integrum
1133 1873 1228 1949 atque
1251 1888 1303 1934 ve-

154 1975 244 2035 rum“
267 1973 386 2034 vocant
415 1965 484 2047 (cfr.
508 1973 573 2032 not.
597 1966 641 2048 3).
684 1967 786 2031 Immo
812 1967 912 2037 verba
939 1968 997 2033 illa
1024 1968 1190 2034 notissima
1219 1968 1304 2051 (Cat.

157 2069 272 2152 49,1);
296 2067 354 2146 ,Q
368 2067 502 2134 Catulus
520 2073 552 2133 et
568 2066 602 2133 C.
618 2066 693 2134 Piso
715 2087 819 2150 neque
840 2070 942 2153 pretio
965 2087 1069 2151 neque
1089 2070 1194 2152 gratia
1218 2068 1305 2137 Cice·

156 2191 267 2238 ronem
289 2170 443 2254 inpellere
466 2167 605 2250 quivere,
629 2167 675 2234 uti
696 2188 753 2252 per
767 2169 958 2253 Allobroges
980 2175 1035 2237 aut
1052 2170 1150 2237 alinm
1165 2171 1306 2239 iudicem

155 2271 189 2338 C.
214 2272 332 2339 Caesar
353 2270 435 2337 falso
457 2268 703 2352 nominaretur“,
733 2269 907 2337 admonent
928 2290 1002 2356 nos,
1027 2277 1063 2337 ut
1084 2273 1242 2340 cautiores
1262 2273 1306 2338 si·

155 2392 234 2440 mus.
278 2373 316 2438 In
344 2373 450 2439 medio
480 2371 564 2437 enim
592 2370 752 2456 relinquo,
780 2377 885 2436 utrum
911 2370 972 2439 hoc
994 2391 1105 2438 verum
1126 2373 1169 2439 sit
1190 2393 1304 2439 necne:

155 2474 325 2542 sedunum
342 2493 470 2556 quaeso,
493 2493 534 2539 ne
556 2473 690 2539 verbum
712 2474 819 2539 falso
841 2474 1004 2556 neglegas.
1036 2472 1072 2539 Id
1091 2474 1175 2540 enim
1190 2474 1304 2559 agitur.

239 2576 339 2640 Porro
369 2575 445 2658 quid
472 2573 513 2639 de
536 2573 697 2639 Ciceronis
725 2574 951 2642 commentario
977 2574 1183 2642 indicandum
1211 2583 1305 2658 esset,

156 2669 419 2742 Weizsaeclre'rus
434 2671 470 2754 (l.
486 2693 509 2738 s.
527 2693 551 2738 s.
566 2693 597 2756 p.
613 2674 774 2756 417-19)
790 2683 887 2760 atque
900 2676 1031 2742 Iohnius
1046 2675 1081 2757 (l.
1098 2695 1123 2742 s.
1138 2695 1163 2742 s.
1180 2697 1210 2762 p.
1227 2677 1304 2759 128)

157 2775 398 2861 expedivcrunt.
435 2774 576 2839 Dubium
599 2794 670 2840 esse
692 2795 755 2840 non
777 2782 889 2860 potest,
917 2778 993 2857 quin
1015 2776 1126 2842 Cicero
1148 2777 1227 2841 satis
1249 2778 1304 2842 ba-

156 2877 261 2943 buerit
288 2897 324 2942 se
351 2876 456 2961 ipsum
483 2874 632 2942 laudibus
660 2894 815 2941 exornare
841 2895 940 2960 seque
968 2882 1004 2942 ut
1032 2882 1155 2960 patrem
1180 2877 1305 2963 patriae

155 2980 329 3047 celebrare.
370 2976 441 3055 Qua
462 2976 503 3044 de
525 2996 632 3060 causa,
654 2977 737 3042 sicut
758 2976 888 3043 lobnius
909 2999 940 3062 p.
958 2981 1018 3043 728
1042 2977 1214 3060 existimat,
1238 2998 1303 3045 om·

153 3082 256 3163 nium,
286 3098 370 3162 quae
395 3078 486 3144 aunis
511 3081 675 3143 688--691
701 3101 731 3146 u.
758 3099 783 3147 c.
808 3085 917 3146 contra
938 3080 1028 3164 leges
1050 3084 1233 3164 statumque
1257 3081 1305 3149 rei

154 3182 304 3268 publicae
333 3187 406 3248 acta
435 3185 523 3262 snnt,
552 3180 679 3266 culpam
704 3181 737 3247 in
760 3180 931 3247 Catilinam
953 3182 1096 3248 conferre
1119 3181 1188 3248 eius
1208 3181 1303 3248 inter-

242 3351 267 3412 1)
286 3347 341 3399 Cir.
359 3347 428 3402 Iolm
444 3364 470 3417 p.
489 3351 539 3402 810
558 3352 653 3401 contra
669 3346 792 3402 Momms.
812 3347 844 3400 R.
855 3346 902 3400 C.⁶
919 3345 959 3399 III
977 3362 1003 3414 p.
1018 3349 1065 3400 183
1083 3344 1155 3409 (eine
1171 3345 1304 3415 Apologia

153 3433 198 3488 ftlr
216 3431 336 3496 Caesar).

241 3521 266 3581 2)
285 3515 343 3570 Cat.
365 3520 403 3582 11,
423 3520 452 3583 1;
474 3518 512 3580 19,
532 3519 560 3585 1;
582 3519 624 3581 48,
642 3520 665 3569 b.
686 3519 700 3568 8
720 3513 768 3569 cfr.
785 3515 854 3571 Iobn
872 3532 899 3585 p.
918 3519 977 3572 810.

240 3605 266 3664 3)
284 3599 395 3656 Iohnius
414 3599 521 3669 quddam
539 3599 606 3654 dicit
622 3603 658 3668 (p.
672 3602 746 3666 124);
767 3599 819 3663 ,So
837 3599 1078 3667 wahrheitsgctreu
1089 3597 1130 3653 als
1141 3597 1257 3668 moglicb
1268 3617 1303 3654 au

155 3686 302 3750 bericbteo,
314 3701 371 3740 war
382 3685 453 3739 olme
462 3684 570 3740 Zweifel
583 3684 641 3738 sein
652 3685 873 3754 cmstgemeinter
881 3684 1024 3748 Vorsatz“‚
1038 3683 1086 3739 sed
1097 3683 1185 3752 pergit
1195 3699 1231 3752 lp.
1243 3687 1303 3749 125)

154 3771 204 3826 ita:
225 3770 277 3834 ,da
294 3786 324 3825 er
340 3769 387 3835 (S.)
406 3768 449 3822 die
467 3767 643 3836 Celegenheit
659 3786 711 3824 von
729 3769 776 3824 der
794 3774 883 3823 ersten
896 3769 1158 3835 Verscbwbrungzn
1169 3769 1302 3836 sprecben

153 3855 210 3910 fast
226 3870 287 3910 vom
303 3854 379 3908 Zaun
396 3854 549 3922 gebrocben
565 3854 622 3920 hat,
641 3869 671 3908 so
688 3853 725 3908 ist
740 3870 775 3908 zu
792 3854 958 3918 vermuthen,
977 3853 1039 3907 dass
1058 3868 1087 3908 er
1104 3852 1163 3907 eine
1181 3853 1302 3922 apolo-

153 3939 309 4010 getische
332 3937 494 3994 Tendens
518 3936 598 3992 dabei
618 3936 772 4004 torrenter
813 3938 881 3992 Ibne
901 3939 919 3990 l.
938 3953 960 3993 s.
979 3953 1001 3992 s.
1024 3954 1050 4007 p.
1072 3941 1120 4002 114
1144 3936 1302 3991 Sallustium

156 4023 275 4088 ,cbrlich
292 4023 348 4078 und
365 4019 571 4090 gewissenhuft“
590 4020 662 4075 dicit.

239 4112 266 4173 1)
284 4105 338 4162 Cir.
358 4105 427 4162 Iobn
443 4123 470 4175 p.
490 4110 537 4162 111
556 4121 616 4175 sqq.
