3202 4862
321 361 389 420 314.
759 364 889 432 Georgius
908 363 1029 418 Thouret

299 516 324 526 Ἰ
405 536 487 632 Tum
509 535 697 602 Plutarchus
719 536 822 619 pergit
844 537 906 601 ita:
925 530 969 599 ‘H
989 535 1024 600 δὲ
1051 539 1207 621 Τερεντία
1230 533 1376 621 (καὶγὰρ
1393 528 1471 601 οὐδ’
1586 521 1587 542 ¹

320 632 428 714 ἄλλως
450 633 489 724 ἠν
511 634 637 723 πρᾳεῖά
659 661 710 713 τις
726 629 798 701 οὐδ’
818 631 963 718 ἄτολμος
977 633 1036 722 τὴν
1052 635 1162 723 φύσιν,
1188 631 1272 700 ἀλλὰ
1292 635 1476 723 φιλότιμος

317 736 396 826 γονὴ
419 741 475 803 καὶ
497 739 633 820 μᾶλλον,
658 732 703 814 ὡς
727 730 849 813 αὐτός
871 759 997 823 φησιν
1019 733 1257 823 (illaudatos,
1281 741 1348 803 τῶν
1370 741 1475 805 πολι-

318 844 417 906 τικῶν
439 837 740 923 μεταλαμβάνουσα
758 831 842 924 παρ’
861 836 985 903 ἐκείνου
1007 838 1194 925 φροντίδων
1208 829 1229 926 ἢ
1243 840 1474 923 μεταδιδοῦσα

318 945 384 1006 τῶν
407 941 563 1006 οἰκιακῶν
586 937 713 1024 ἐκείνῳ)
736 938 840 1004 ταῦτά
862 962 898 1004 τε
921 937 1007 1026 πρὸς
1025 933 1124 1006 αὐτὸν
1140 939 1267 1028 ’ἔφρασε
1281 944 1337 1006 καὶ
1352 942 1474 1029 παρώ-

319 1044 410 1122 ξυνεν
442 1041 500 1108 ἐπὶ
528 1038 605 1117 τοὺς
633 1035 772 1128 ἄνδρας·
821 1042 891 1107 Ηοο
918 1043 1016 1122 igitur
1042 1044 1113 1109 loco
1143 1044 1253 1110 Cicero
1280 1045 1350 1129 ipse
1378 1045 1473 1111 testis

318 1149 487 1232 profertur.
531 1145 600 1209 Iam
622 1145 651 1209 si
672 1144 849 1210 Heerenius
872 1143 933 1210 hoo
955 1143 1042 1209 nisus
1066 1145 1256 1226 censuisset,
1284 1145 1473 1230 Ciceronem

317 1250 439 1313 iontem
459 1246 623 1313 Plutarchi
645 1266 725 1330 esse,
748 1247 867 1330 optimo
890 1247 958 1311 iure
982 1248 1114 1312 Peterns
1130 1254 1306 1331 opponeret
1320 1246 1367 1330 (id
1383 1247 1473 1328 quod

317 1350 395 1416 iacit
416 1371 447 1433 p.
473 1353 532 1413 133
557 1347 610 1414 cir.
627 1347 787 1432 Schlieph.
811 1370 842 1432 p.
859 1347 922 1429 30),
946 1369 985 1414 ea
1007 1348 1107 1414 verba
1127 1349 1190 1433 ipsi
1206 1348 1351 1416 Ciceroni
1372 1349 1473 1414 trihui

317 1472 381 1517 non
409 1471 505 1534 posse
534 1456 631 1532 atque
660 1449 861 1515 manifestum
891 1468 978 1526 esse,
1009 1450 1214 1516 Plutarchum
1239 1451 1329 1516 illum
1352 1452 1470 1533 locum,

318 1553 379 1617 etsi
408 1558 537 1617 auctore
568 1551 720 1616 Cicerone
749 1551 895 1631 afferret,
925 1549 1055 1614 aliunde
1084 1551 1266 1633 sumpsisse.
1322 1551 1404 1632 Sed,
1433 1557 1472 1617 ut

318 1655 445 1738 opinor,
469 1653 556 1718 nullo
578 1653 646 1717 iure
668 1653 801 1716 Peterus
824 1650 960 1716 cundem
982 1652 1087 1717 locum
1110 1651 1259 1736 adhibet,
1286 1661 1321 1718 ut
1343 1652 1468 1719 Cicero-

316 1777 391 1821 nem
420 1774 491 1820 esse
517 1760 629 1836 neget,
660 1772 754 1834 quem
777 1753 966 1817 Plutarchus
994 1753 1027 1816 in
1050 1755 1229 1819 enarranda
1251 1755 1470 1822 coniuratione

318 1850 504 1924 Catilinaria
526 1862 653 1921 secutus
675 1855 726 1921 sit.
763 1855 878 1920 Nonne
901 1855 984 1919 enim
1007 1861 1150 1938 apparet,
1174 1875 1221 1932 ea,
1246 1875 1328 1938 qnae
1342 1859 1468 1923 Plutar-

318 1959 395 2024 chus
425 1958 465 2022 de
493 1957 634 2024 moribus
656 1955 827 2022 Terentiae
857 1956 977 2037 tradat,
1009 1957 1100 2036 quasi
1127 1958 1333 2040 parenthesin
1363 1959 1469 2025 ordini

316 2081 422 2126 rerum
451 2079 521 2125 esse
548 2058 690 2123 inserta?
739 2059 858 2122 Notum
892 2061 940 2122 est
975 2057 1160 2123 Ciceronem
1195 2059 1303 2124 uxoris
1332 2079 1468 2141 regnum

317 2162 456 2227 sensisse
483 2195 523 2204 —
556 2158 612 2225 sed
642 2157 703 2224 hoc
731 2160 807 2239 quid
836 2157 878 2222 ad
909 2159 999 2223 rem?
1052 2160 1124 2224 Mea
1152 2160 1281 2242 quidem
1309 2162 1469 2226 sententia

317 2261 506 2327 Plutarchus
528 2283 592 2327 non
613 2267 688 2344 apte
711 2260 810 2342 addit,
834 2279 918 2341 quae
939 2260 1046 2324 nescio
1068 2259 1123 2324 uhi
1143 2262 1295 2342 legeratl,
1318 2262 1402 2327 Nam
1418 2283 1467 2328 re-

316 2365 483 2432 cordemur
504 2382 634 2430 necesse
658 2371 705 2429 est
728 2362 796 2426 eius
818 2363 916 2426 totius
939 2361 1070 2426 rationis
1095 2361 1265 2427 scribendi.
1309 2364 1467 2442 Quicum

316 2473 488 2549 antequam
511 2465 553 2529 ad
575 2464 674 2528 vitam
698 2462 863 2528 cuiusdam
878 2461 939 2527 viri
955 2463 1206 2545 componendam
1222 2482 1392 2546 aggressus
1408 2473 1466 2549 est,

315 2568 494 2650 complures
517 2565 637 2648 legeret
659 2564 839 2647 scriptores,
862 2569 897 2627 nt
918 2564 1059 2648 eligeret,
1083 2583 1177 2645 quem
1192 2585 1269 2646 prae
1286 2569 1400 2632 ceteris
1416 2589 1466 2635 se-

316 2673 474 2750 queretur,
496 2666 565 2732 fieri
586 2657 783 2748 non'potuit,
807 2665 882 2746 quin
904 2666 1063 2749 permulta
1082 2687 1122 2732 cx
1145 2668 1299 2732 memoria
1320 2669 1464 2735 adderet.

314 2769 393 2836 Inde
416 2767 593 2851 digressus,
616 2767 691 2834 inde
714 2787 883 2850 excursus,
907 2769 1021 2851 quihus
1044 2769 1130 2834 vitae
1152 2769 1329 2852 parallelae
1351 2770 1466 2837 redun-

316 2873 402 2937 dant.
441 2870 557 2935 Verum
580 2870 613 2935 in
635 2870 749 2936 eodem
774 2870 878 2955 capite
901 2872 941 2934 20
964 2869 1051 2934 vitae
1067 2867 1238 2952 Ciceronis,
1261 2872 1318 2936 ubi
1340 2872 1380 2938 de
1403 2873 1466 2938 Te—

314 2975 417 3039 rentia
438 2972 539 3036 vcrha
560 2969 644 3052 facit,
667 2971 777 3054 paucis
801 2971 928 3036 disserit
949 2969 989 3050 (e.
1007 2973 1047 3033 20
1068 2971 1171 3052 extu),
1196 2972 1250 3052 qui
1271 2973 1390 3040 factum
1413 2973 1465 3059 sit,

315 3081 349 3138 ut
372 3072 482 3138 Cicero
506 3069 676 3136 Caesarem
699 3073 817 3136 nonin
839 3071 925 3136 idem
949 3069 1117 3136 discrimen
1139 3081 1269 3138 vocaret
1290 3081 1388 3156 atque
1403 3075 1464 3141 Ca-

314 3174 425 3239 tilinae
454 3173 567 3238 socios.
612 3172 701 3238 Haec
731 3192 857 3256 quoque
885 3173 985 3237 verba
1013 3192 1075 3237 nou
1104 3173 1173 3238 eius
1197 3193 1267 3239 esse
1289 3176 1464 3259 scriptoris,

315 3277 403 3342 cuius
426 3281 458 3341 et
480 3275 585 3358 priora
608 3279 640 3340 et
660 3275 837 3359 posteriora
859 3275 932 3355 sint,
955 3274 1026 3354 quis
1049 3282 1098 3339 est
1120 3274 1195 3355 quin
1216 3275 1351 3340 videat?
1387 3279 1462 3343 Pro·

313 3385 424 3460 pterea
452 3385 559 3443 autem
583 3377 704 3458 siquis
726 3378 951 3458 existumaret,
982 3375 1188 3440 Plutarchum
1210 3375 1266 3441 illo
1289 3377 1360 3442 loco
1384 3379 1465 3444 duos

314 3487 368 3545 aut
396 3484 461 3544 tres
489 3481 624 3545 fontes
653 3479 853 3559 adhibuisse,
881 3496 1049 3561 perperam
1078 3476 1242 3544 iudicaret.
1290 3478 1395 3556 Quam
1421 3480 1463 3544 ob

312 3601 381 3646 rem
395 3581 474 3646 satis
489 3580 666 3645 habeamus
680 3579 848 3663 primarios
864 3580 931 3643 eius
946 3579 1050 3643 fontes
1064 3577 1227 3658 indagare.
1258 3578 1340 3644 Sunt
1355 3587 1463 3646 autem

313 3681 377 3748 duo
400 3681 462 3745 loci
488 3680 575 3762 apud
597 3680 819 3763 Plutarchum,
848 3680 902 3759 qui
929 3679 1024 3762 plane
1054 3679 1270 3745 demonstrent
1299 3681 1462 3748 Ciceronis

313 3781 574 3848 commentarium
596 3805 633 3845 νε.
657 3776 714 3844 ὑπ.
730 3781 916 3862 primarium
932 3781 999 3845 eius
1014 3781 1134 3846 fontem
1148 3781 1256 3865 fuisse,
1280 3801 1359 3862 quos
1374 3784 1462 3848 locos

312 3883 575 3950 Weinsaeckerus
598 3882 716 3966 optimo
739 3881 807 3946 iure
829 3881 986 3965 adhibuit,
1008 3890 1043 3946 nt
1057 3884 1206 3948 Peterum
1222 3885 1374 3949 refutaret
1389 3885 1424 3965 (l.
1440 3886 1461 3951 l.

312 4005 343 4068 p.
367 3989 444 4068 4255
476 3983 561 4066 427).
606 3985 712 4064 Atque
741 3983 818 4047 mihi
841 3982 970 4067 quidem
995 3984 1144 4049 subvenit
1169 3984 1350 4067 Michaelis,
1373 3985 1462 4050 cuius

312 4086 458 4152 libellum
480 4084 543 4161 „de
565 4085 675 4151 ordine
697 4085 836 4151 vitarum
857 4085 1085 4169 parallelarum
1108 4085 1293 4151 Plutarchi“
1309 4086 1462 4170 scriptum
