3202 4862
333 372 395 432 326
771 375 902 442 Georgius
920 375 1042 430 Thouret

333 546 466 614 secundi
494 545 568 613 libri
597 545 736 612 carmine
758 547 866 627 colligi
892 552 1016 630 potest,
1047 566 1110 629 quo
1132 547 1283 614 Horatius
1305 549 1488 616 Pollionem

334 648 475 715 celebrat
497 648 547 714 his
570 648 730 715 versibus:

579 751 699 816 Motum
723 769 764 816 cu
785 749 915 815 Metello
937 750 1068 816 consule
1090 750 1225 816 civicum

579 851 725 933 Belliquc
748 870 862 944 causas
885 857 918 916 ct
939 850 1018 915 vitia
1041 858 1073 916 et
1094 852 1206 918 modos

579 953 767 1035 Ludumque
789 951 934 1017 fortunae
956 972 1136 1036 gravesque

579 1055 761 1139 Principum
785 1053 940 1120 amicitias
964 1103 1157 1121 .......

578 1259 781 1324 Periculosae
801 1259 931 1342 plenum
954 1276 1034 1342 opus
1056 1257 1148 1324 aleae

578 1363 714 1426 Tractas
736 1366 795 1425 etc.

417 1460 502 1528 Illud
523 1461 634 1546 igitur:
657 1459 815 1543 πόλεμος,
838 1457 876 1525 ὃν
896 1456 1107 1548 ἐπολέμησαν
1121 1458 1256 1545 Καῖσάρ
1273 1483 1310 1525 τε
1323 1463 1381 1526 καὶ
1392 1465 1486 1544 Πομ-

333 1562 435 1651 πήιος
456 1566 562 1630 iacere
583 1585 647 1631 nou
669 1563 857 1647 poterimus,
881 1562 958 1645 quin
982 1563 1136 1629 materiae
1158 1561 1263 1646 operis
1286 1562 1487 1648 aptissimum

332 1667 512 1752 probemus.
555 1666 655 1731 Porro
677 1683 770 1744 vero,
794 1664 822 1730 si
844 1663 1045 1731 coniecturae
1068 1663 1320 1749 indulgebimus,
1344 1671 1486 1734 statuen-

333 1768 410 1833 dum
438 1765 532 1832 uobis
560 1771 609 1832 est
637 1765 670 1831 in
700 1764 839 1832 secundo
870 1765 974 1850 capite
1004 1765 1137 1832 Suidam
1166 1769 1264 1834 verbo
1295 1769 1485 1844 ,nullast

332 1870 365 1936 in
388 1889 526 1935 errorem
549 1867 678 1934 ductum
700 1866 878 1934 addidisse:
906 1861 934 1951 [ὁ
947 1861 1094 1946 Ἀσίνιος
1112 1866 1330 1956 χρηματίσας]
1347 1876 1378 1936 ct
1393 1867 1487 1956 [περὶ

332 1975 391 2039 τοῦ
414 1969 575 2059 ἐμφυλίου
597 1996 625 2035 κ.
648 1994 676 2035 τ.
701 1967 750 2056 λ.].

425 2075 551 2141 Etenim
578 2075 648 2158 ipsc
679 2071 796 2139 Suidas
824 2073 968 2137 sublesta
995 2070 1060 2137 fide
1089 2077 1147 2138 est.
1193 2072 1294 2159 Lipsii
1323 2073 1381 2139 illa
1409 2095 1484 2159 vox,
1580 2105 1581 2108 ¹

332 2195 430 2262 pecus
453 2196 526 2242 cum
548 2194 621 2241 esse
643 2173 701 2240 scd
722 2193 821 2259 pecus
843 2174 932 2239 aurei
954 2174 1098 2254 velleris,
1129 2174 1335 2258 comprobata
1363 2181 1413 2242 cst
1441 2179 1484 2243 ab

333 2279 479 2347 omnibus
508 2277 585 2344 viris
614 2277 717 2343 doctis
734 2275 768 2361 ¹).
819 2277 921 2342 Nemo
953 2275 1050 2357 igitur
1078 2274 1108 2340 ei
1136 2275 1219 2342 hanc
1246 2277 1401 2362 ineptiam
1429 2279 1484 2344 tri-

334 2383 430 2449 buere
452 2379 621 2461 dubitabit,
644 2377 832 2463 praesertim
854 2396 926 2441 curn
943 2375 1001 2441 illa
1016 2377 1129 2443 verba:
1152 2377 1305 2463 περὶτοῦ
1321 2374 1485 2465 ἐμφυλίου

332 2507 360 2548 κ.
382 2507 411 2548 τ.
436 2482 464 2546 λ.
486 2486 646 2565 postremo
669 2480 738 2544 loco
761 2479 868 2562 posita
889 2477 1076 2563 appendicis
1098 2478 1234 2544 formam
1255 2482 1440 2564 praebcant.

418 2582 454 2648 Si
476 2581 537 2648 hoc
559 2598 670 2646 verum
691 2585 749 2663 est,
772 2600 834 2645 nou
856 2580 1016 2664 intellego,
1038 2598 1135 2661 quam
1153 2580 1195 2646 ob
1211 2600 1341 2648 causam
1356 2583 1483 2650 Teuffe-

332 2685 405 2768 lius,
428 2703 524 2766 quem
546 2681 602 2747 alii
624 2687 816 2766 sequuntur,
844 2701 907 2746 nou
929 2680 1025 2749 modo
1053 2689 1239 2767 perseveret
1264 2683 1297 2747 in
1324 2684 1484 2750 sententia

332 2786 531 2854 Trallianum
561 2782 721 2865 quendam
742 2784 887 2849 Asinium
915 2783 1093 2850 Pollionem
1121 2803 1172 2850 res
1197 2784 1358 2851 Romanas
1386 2787 1482 2870 scrip-

331 2890 420 2970 sisse,
443 2884 502 2954 scd
526 2886 624 2953 ctiam
646 2906 684 2952 eo
707 2903 808 2967 usque
829 2884 1028 2951 coniecturae
1042 2885 1273 2970 progrediatur,
1296 2893 1330 2952 ut
1344 2893 1482 2972 septem·

333 2990 436 3056 decim
458 2989 532 3054 illos
555 2988 664 3070 libros,
688 3006 767 3069 quos
790 2987 908 3052 Suidae
930 2986 1035 3070 priore
1057 2987 1127 3054 loco
1150 2987 1260 3056 tribuit
1281 2989 1393 3057 Asinio
1408 2990 1481 3055 Pol·
1578 3009 1579 3030 ³

332 3091 419 3172 licui,
442 3089 607 3155 Tralliauo
630 3088 801 3153 adscribat.
838 3087 908 3153 Iam
931 3088 1001 3169 quis
1018 3108 1081 3153 uon
1097 3089 1195 3172 videt,
1217 3089 1356 3157 virorum
1372 3091 1480 3159 docto·

332 3213 402 3258 rum
430 3210 501 3258 cum
530 3189 612 3255 alius
640 3187 740 3253 alium
762 3186 882 3254 Suidae
911 3189 1015 3254 locum
1044 3196 1159 3256 testem
1188 3194 1344 3276 proferat,
1373 3193 1481 3260 omnia

331 3313 402 3361 esse
423 3294 544 3360 incerta
565 3290 750 3373 dubiaque?

416 3395 551 3461 Exsistit
568 3400 675 3460 autom
690 3394 751 3459 hoc
767 3394 838 3460 loco
854 3391 1010 3475 quaestio,
1033 3413 1115 3476 quae
1131 3394 1246 3479 adhuc,
1268 3394 1355 3477 quod
1369 3395 1478 3479 sciam,

330 3518 398 3564 nou
419 3504 468 3562 est
482 3500 578 3563 mota.
612 3493 789 3560 Teuffelius
804 3493 924 3576 aliique
939 3493 1138 3562 Trallianum
1154 3495 1244 3562 illum
1258 3495 1363 3564 Asinii
1385 3498 1479 3563 liber-

330 3604 398 3665 tum
420 3603 543 3665 vocant.
581 3597 624 3663 At
645 3595 748 3682 potuit
769 3595 871 3662 Asinii
892 3596 1047 3663 Pollionis
1070 3597 1202 3664 libertus
1224 3597 1353 3665 Asinius
1374 3599 1478 3666 Pollio

331 3699 514 3784 appellari?
558 3697 762 3765 Gentilicium
790 3696 919 3781 quidem
947 3719 1064 3765 nomen
1093 3699 1143 3766 sui
1171 3719 1329 3782 quemque
1360 3699 1480 3767 domiui

331 3801 480 3866 libertum
503 3801 665 3884 accepisse
688 3804 820 3867 constat.
857 3800 970 3882 Itaque
988 3801 1171 3867 Trallianus
1194 3822 1214 3867 a
1234 3801 1361 3869 nominc
1376 3801 1480 3868 Asinii
1576 3805 1577 3852 l

329 3901 484 3968 Pollionis
506 3901 627 3986 optimo
649 3900 717 3968 iure
732 3900 903 3979 ,Asinius“
918 3903 1098 3988 appellatus
1113 3908 1171 3986 est,
1185 3939 1227 3948 —
1243 3925 1306 3970 non
1322 3903 1446 3981 ,Pollio
1455 3907 1478 3968 “.

419 4123 442 4183 l)
461 4116 515 4172 Gir.
535 4121 704 4173 commentat.
723 4117 756 4173 de
773 4118 847 4173 Suid.
864 4120 916 4174 lex.
935 4119 1034 4176 Bernh.
1051 4121 1078 4174 ll
1098 4137 1124 4190 p.
1142 4137 1203 4174 xxv
1220 4138 1278 4191 sqq.
