3202 4862
408 385 442 441 de
460 385 599 453 Cicerone,
615 385 712 443 Asinio
730 386 861 453 Pollione,
881 387 949 443 Gaio
968 388 1064 459 Oppio.
1254 387 1315 451 353

158 565 240 644 rant,
265 577 391 641 vacare,
420 576 460 625 ne
481 562 611 644 propter
634 558 721 624 boni·
750 558 783 623 οἱ
814 561 979 645 Γερμανοὶ
1007 559 1183 645 διαβάντες
1211 561 1313 628 κατά-

158 667 260 729 telem
294 679 442 744 agrorum
472 659 638 744 Germani,
668 660 723 744 qui
751 680 889 741 σχωσι.,

158 768 248 830 trans
278 762 424 827 Rhenum
449 762 592 829 incolunt
614 812 721 829 .....

157 864 341 932 transirent.

224 966 317 1033 Caes.
339 966 355 1030 l
379 961 428 1049 14‚'
450 969 484 1029 6:
520 983 591 1030 oum
615 984 654 1030 eo
675 965 722 1028 ito
811 966 893 1051 App.
906 967 943 1032 fr.
959 970 1007 1051 15,
1020 969 1055 1032 2:
1077 967 1133 1031 καὶ
1147 971 1311 1053 πρεσβευ-

157 1068 238 1152 sint,
266 1073 373 1133 tamen
400 1065 429 1133 si
456 1065 585 1132 obsides
615 1065 657 1130 ab
682 1064 722 1130 iis
748 1069 904 1149 σαμένοις
919 1064 976 1132 ἐπὶ
990 1067 1151 1155 διαπείρᾳ
1163 1080 1233 1144 τοῖς
1245 1092 1311 1134 πο-

158 1171 222 1237 sibi
251 1169 380 1251 dentur,
404 1218 411 1234 .
431 1218 463 1235 ..
485 1185 556 1235 sese
584 1187 655 1232 eum
682 1165 722 1232 iis
748 1163 976 1255 tenemento
994 1168 1150 1235 σπονδῶν
1168 1165 1312 1234 ἐκέλευεν

157 1292 273 1358 paoem
302 1289 372 1338 esse
394 1271 561 1336 facturum.
606 1267 720 1334 Divico
746 1260 1214 1358 δμηραδοῦναικαὶχρήματα.
1228 1263 1311 1336 άπο-

156 1372 338 1460 respondit:
361 1375 412 1439 lta
426 1372 593 1440 Helvetios
610 1391 632 1436 a
652 1391 719 1437 ma·
744 1373 948 1457 κριναμένιον
970 1365 1004 1437 δ’
1024 1370 1185 1438 εἰθίσθαι
1206 1375 1310 1437 ταῦτα

155 1477 281 1544 ionibus
304 1474 370 1540 suis
391 1474 552 1540 institutos
581 1493 662 1556 esse,
684 1478 719 1540 ut
746 1470 928 1556 λαμβάνειν
956 1465 994 1540 οὗ
1025 1473 1157 1540 διδόναι
1177 1498 1205 1538 κ.
1227 1499 1257 1538 τ.
1281 1474 1309 1538 λ.

157 1577 288 1646 obsides
308 1575 455 1661 occipere
473 1595 537 1642 non
552 1576 630 1644 dare
646 1596 718 1643 oon·

157 1678 287 1746 suerint.
905 1742 911 1752 .

223 1780 577 1861 Caee.129‚3eorum‚
595 1778 648 1861 qui
663 1777 718 1844 do·
810 1778 893 1844 Plut.
918 1780 958 1866 18Ι
985 1784 1064 1844 extr.
1095 1776 1309 1864 (superelant)

156 1903 244 1948 mum
280 1879 457 1963 rediemnt‚
492 1885 635 1966 repertus
672 1885 722 1946 eet
746 1874 831 1966 ὑπὲρ
855 1879 933 1944 δέκα
955 1877 1124 1964 μυριάδες.

121 2039 125 2048 .
154 2001 306 2050 numerus
328 1981 450 2048 milium
473 1980 498 2047 O
521 1989 552 2048 et
574 1982 615 2048 X.

242 2087 300 2153 His
322 2083 403 2149 loeis
425 2081 510 2149 adde
532 2102 587 2151 eos
610 2084 664 2165 qui
688 2082 727 2149 de
749 2081 911 2149 Ariovisto
934 2087 1047 2165 agunt:

222 2183 312 2250 Caee.
336 2186 417 2268 153,
436 2190 468 2250 l:
490 2185 541 2250 Ita
562 2185 718 2270 proelium
807 2185 993 2250 pluente
1017 2189 1111 2250 exin:
1133 2186 1309 2271 γενομένης

157 2389 267 2455 hostes
298 2394 389 2474 terga
421 2392 583 2454 verterunt
615 2409 719 2473 neque
745 2385 900 2463 σταδίους
915 2390 1147 2473 τετρακοσίους
1163 2379 1237 2473 ἄχρι
1250 2389 1310 2452 τοῦ

156 2491 247 2575 prius
268 2490 379 2576 fugere
402 2488 608 2574 destiterunt„
623 2510 719 2576 quem
742 2485 857 2577 Ῥήνου
874 2486 996 2565 διώξας
1008 2487 1197 2574 κατέπλησε
1211 2490 1311 2553 τοῦτο

155 2591 203 2658 ad
223 2592 340 2658 flumen
361 2591 506 2658 Rhenum
536 2591 627 2658 milio
646 2611 718 2678 pos·
745 2594 815 2656 πᾶν
838 2593 958 2676 νεκρῶν
980 2587 1017 2656 τὸ
1042 2588 1161 2655 πεδίον
1179 2591 1235 2656 καὶ
1251 2591 1311 2656 ια-

156 2714 249 2760 suum
272 2715 312 2762 ex
336 2714 374 2760 eo
397 2692 468 2759 loeo
492 2691 616 2760 circiter
629 2693 718 2774 quin·
747 2692 871 2780 φύρων.

155 2795 313 2878 quaginta
334 2799 555 2879 pervenerunt.

484 2894 613 2979 (ἔνδοθι)
635 2914 721 2980 pass.
734 2925 777 2944 =
790 2899 851 2960 400
875 2892 981 2977 etad.)

243 2999 344 3065 Porro
367 2998 408 3064 de
430 2998 575 3065 Nerviis:

222 3101 314 3168 Caes,
331 3100 363 3166 Π
381 3103 449 3184 len
472 3119 558 3183 sqq.:
585 3149 718 3170 .....
809 3098 892 3162 Plut.
905 3099 956 3180 20,
969 3099 1001 3162 6:
1018 3093 1075 3160 ἐπὶ
1088 3094 1125 3161 δὲ
1138 3147 1145 3160 .
1160 3147 1166 3161 .
1181 3146 1188 3161 .
1202 3146 1209 3160 .
1224 3101 1309 3184 Νερ-

153 3205 284 3270 interim
299 3202 441 3286 legiones
463 3221 530 3285 sex,
553 3221 636 3286 qnae
656 3200 718 3286 pri-
744 3204 840 3284 βίους
859 3196 1084 3284 ἐστράτευσεν,
1101 3197 1199 3284 οἵπερ
1213 3247 1308 3264 .....

153 3325 229 3373 mae
252 3309 421 3387 venerunt,
450 3323 546 3388 opere
574 3302 718 3369 dimenso
746 3293 842 3366 αὐτοὶ
869 3302 918 3383 τῷ
940 3304 1089 3383 Καίσαρι
1118 3302 1310 3384 ποιουμένῳ

154 3413 263 3474 castra
277 3405 400 3472 munire
416 3408 601 3490 coeperunt3
626 3453 717 3470 .....
741 3400 872 3489 χάρακα
901 3400 957 3464 καὶ
983 3396 1028 3487 μὴ
1058 3397 1309 3485 προςδιχομένῳ

154 3508 297 3576 subito
321 3506 468 3573 omnibus
490 3505 589 3590 copiis
604 3525 718 3592 provo·
746 3499 879 3590 ...τὴν
894 3499 1063 3590 μάχην...
1082 3498 1310 3588 αἰφνιδίως

153 3612 303 3677 laverunt
316 3609 533 3694 impetumque
548 3606 581 3673 in
593 3613 719 3673 nostros
745 3607 955 3692 προςέπεσον
974 3626 1001 3666 κ.
1015 3626 1045 3665 τ.
1056 3601 1084 3666 λ.
1101 3604 1183 3688 App.
1192 3605 1228 3669 ir.
1240 3608 1309 3688 1,4;

154 3712 281 3795 equites
295 3713 439 3778 fecerunt
441 3758 569 3776 ......
595 3707 718 3774 Eadem
745 3711 886 3794 Νέρβιοι
922 3702 957 3769 δὲ
991 3695 1092 3768 αὐτὸν
1126 3700 1309 3790 ἐτρέψαντο

153 3819 264 3880 autem
293 3812 455 3879 eeleritate
476 3810 612 3877 adverso
637 3808 719 3876 eolle
745 3804 822 3895 άρτι
850 3803 1078 3893 στρατόπεδον
1108 3803 1145 3884 ἐξ
1169 3801 1310 3873 ὁδοιπο-

155 3915 198 3981 ad
220 3921 329 3981 neutra
350 3920 456 3980 eastra
470 3922 567 3997 atquo
582 3931 648 3995 eoo,
667 3910 721 3994 qni
747 3915 822 3997 ριας
851 3906 1126 3987 κατασκευάζοντι
1163 3907 1309 3996 αἰφνι-

154 4018 188 4082 ἰη
205 4037 301 4102 opere
316 4016 463 4100 oeeopoti
479 4020 577 4096 erant,
594 4019 720 4081 eonten-
748 4010 845 4089 δίως
868 4008 1097 4086 ἐπιπεσόντες·
1120 4033 1148 4074 κ.
1173 4033 1200 4075 τ.
1225 4010 1253 4074 λ.

155 4121 278 4187 derunt.
