3202 4862
7 4141 23 4230 ,

388 376 420 430 de
438 375 576 440 Cicerone,
594 374 688 430 Asinio
707 374 836 441 Pollione,
855 373 924 429 Gaio
943 375 1039 446 Oppio.
1229 369 1291 432 317

209 551 238 614 2.
262 547 373 614 Cicero
396 567 436 613 ex
459 547 584 628 litteris,
607 547 682 612 aM.
700 545 816 611 Crasso
832 545 968 627 aliisque
984 545 1109 630 delatis,
1131 547 1164 611 in
1180 551 1293 613 senatu

208 648 213 656 ’
260 649 301 715 de
323 647 612 714 machinationibus
634 647 868 714 coniuratorum
890 646 986 712 refert
999 645 1032 729 ¹).

207 755 236 816 3.
259 750 424 817 nuntiatur
445 749 478 813 in
499 749 611 814 Eturia
633 747 822 814 seditionem
846 749 968 814 moveri
977 746 1013 832 ²).

206 857 236 918 4.
260 851 292 918 S.
309 851 344 917 C.
363 850 509 916 ultimum
531 849 567 915 rit
589 870 618 915 a.
634 848 666 915 d.
681 849 755 915 XII.
772 850 845 914 Kal.
861 849 943 915 Nov.
954 848 987 931 3).

207 960 236 1020 5.
260 952 294 1019 C.
317 952 454 1018 Manlius
476 952 510 1018 in
531 950 659 1016 Etruria
680 969 771 1015 arma
793 949 879 1034 capit
901 968 930 1016 a.
954 949 983 1016 d.
1007 950 1051 1015 VI
1074 951 1148 1018 Kal.
1163 951 1291 1036 Noae).

208 1059 236 1120 6.
259 1053 414 1119 coniurati
435 1053 467 1118 in
490 1054 619 1120 domum
633 1053 759 1117 Laecae
777 1051 979 1134 conveniunt,
1003 1053 1168 1119 consilium
1184 1054 1294 1120 ineunt

260 1155 421 1222 Ciceronis
443 1153 671 1236 interficiendi3
700 1153 810 1218 Cicero
833 1150 966 1218 insidias
988 1155 1069 1219 vitat
1090 1173 1183 1221 mane
1206 1175 1235 1222 a.
1258 1155 1289 1221 d.

258 1257 327 1322 VII.
349 1256 397 1322 Id.
419 1254 549 1340 Noui).

208 1362 235 1423 7.
261 1357 372 1424 Cicero
395 1362 541 1422 senatum
556 1356 588 1420 in
606 1356 759 1440 templum
775 1354 861 1419 lovis
877 1353 1013 1420 Statoris
1028 1362 1199 1440 convocat3
1222 1376 1291 1422 ora·

261 1459 378 1523 tionem
401 1459 415 1522 l
437 1457 537 1524 habet
557 1475 586 1521 a.
610 1454 640 1520 d.
664 1456 715 1521 Vl.
739 1454 784 1521 Id.
807 1454 937 1538 Noni).

209 1561 236 1624 8.
261 1558 399 1624 Catilina
420 1580 461 1625 ex
483 1558 561 1624 urbe
580 1556 735 1642 profugit,
758 1557 869 1624 Cicero
892 1559 1067 1625 orationem
1089 1558 1121 1624 11
1143 1557 1241 1625 habet
1262 1579 1292 1626 a.

260 1659 290 1725 d.
313 1660 350 1726 V.
373 1661 420 1726 ld.
443 1658 574 1744 Now).

206 1763 235 1826 9.
258 1767 388 1826 senatus
410 1761 581 1827 Catilinam
603 1765 636 1825 et
656 1759 811 1826 Manlium
833 1758 941 1825 hostes
963 1759 1129 1845 10010518).

143 1910 254 1965 biduum
274 1910 358 1964 dilata
376 1871 403 1964 et
420 1926 444 1962 a.
456 1909 481 1962 d.
491 1910 517 1962 X
534 1909 595 1964 Kal.
609 1909 677 1964 Nor.
690 1908 784 1962 habita
802 1921 861 1961 esse
879 1913 916 1977 (p.
928 1911 996 1975 560),
1014 1909 1110 1965 recidit
1126 1910 1155 1964 in
1167 1926 1293 1980 errorem,

143 2010 196 2062 quo
219 1995 238 2047 ii
260 1999 401 2059 tenentur,
427 1993 472 2060 qui
489 1993 516 2046 S.
537 1994 565 2048 C.
584 1993 707 2046 ultimum
729 1995 792 2045 ante
810 1990 920 2046 comitia
936 1991 1029 2047 habita
1046 1991 1150 2049 laetum
1168 2012 1227 2051 esse
1245 2012 1291 2051 ex-

141 2079 271 2138 istimant,
292 2093 346 2146 qua
362 2077 395 2131 de
413 2077 548 2131 sententia
561 2093 641 2141 nunc,
659 2080 803 2146 postquam
816 2077 897 2143 Baur,
915 2078 1016 2145 Lange,
1034 2079 1103 2132 lohn
1115 2079 1292 2149 scripserunt,

143 2161 325 2219 decedendum
352 2177 412 2217 esse
433 2175 540 2217 censeo.
575 2161 620 2215 Ad
642 2165 790 2215 extremum
811 2161 899 2216 Iohnii
921 2166 1051 2218 rationem
1075 2164 1176 2219 habere
1198 2166 1292 2231 debeo,

142 2247 188 2314 qui
213 2251 298 2300 totam
321 2246 537 2302 dissertationem
561 2262 638 2300 suam
661 2247 690 2300 in
708 2261 739 2298 eo
759 2245 862 2314 posuit,
887 2247 957 2313 quod
982 2249 1077 2302 statuit
1101 2250 1292 2319 contenditque

141 2330 262 2397 comitia,
287 2346 450 2400 quamquam
468 2330 551 2384 dilata
568 2334 671 2395 essent,
695 2335 784 2383 tamen
802 2345 893 2384 mense
915 2330 1005 2398 Quint.
1024 2332 1117 2386 habita
1142 2349 1214 2400 esse,
1239 2351 1292 2403 quo

141 2415 200 2469 fieri
213 2416 337 2471 solebant
350 2419 385 2484 (p.
399 2419 538 2481 258262).
566 2414 691 2482 Longum
708 2419 750 2468 est
769 2415 946 2482 cogitationes
959 2417 1015 2470 eius
1029 2420 1161 2486 repetere.
1184 2417 1291 2473 Rectis-

141 2499 206 2554 sime
229 2500 274 2553 ille
297 2499 402 2568 quidem
424 2499 564 2555 admonuit
592 2513 643 2552 nee
662 2497 799 2553 Ciceronis
823 2500 906 2555 verba
928 2503 964 2569 (p.
983 2501 1053 2554 Mur.
1074 2505 1105 2554 25
1130 2507 1157 2555 et
1175 2507 1216 2564 20)
1240 2518 1291 2557 neo

140 2585 280 2639 Plutarchi
303 2585 369 2650 (Cic.
391 2588 434 2650 14,
453 2589 479 2647 4)
502 2597 554 2638 neo
571 2583 665 2636 Dionis
688 2587 746 2649 (32,
765 2588 806 2648 20,
826 2589 851 2649 2)
873 2586 899 2638 in
918 2600 977 2640 eam
995 2586 1155 2639 sententiam
1172 2585 1291 2653 intellegi

141 2683 236 2738 posse,
258 2674 290 2720 ut
312 2666 494 2721 existimemus
522 2666 630 2720 comitia
653 2666 711 2721 iere
733 2668 761 2721 in
783 2669 892 2721 tertium
913 2683 1031 2723 mensem
1053 2669 1135 2723 dilate
1159 2685 1226 2725 esse.
1262 2670 1292 2724 si

93 2806 109 2822 ,
142 2755 233 2807 autem
251 2767 284 2805 ex
301 2751 395 2806 iisdem
412 2750 500 2805 verbis
519 2749 655 2804 Ciceronis
673 2755 732 2818 (pro
750 2751 821 2804 Mur.
839 2752 857 2805 l.
868 2769 922 2806 ss.
937 2753 997 2807 coll.
1016 2769 1065 2821 pro
1078 2753 1168 2807 Caelio
1187 2758 1203 2805 t
1221 2760 1292 2822 sqq.)

143 2836 252 2904 collegit
277 2841 312 2906 (p.
331 2840 390 2901 258)
412 2838 517 2889 tantum
541 2834 658 2902 spatium
680 2834 849 2888 interiectum
872 2836 943 2888 inter
961 2836 1070 2889 comitia
1088 2839 1115 2888 et
1132 2835 1159 2888 id
1176 2839 1291 2904 tempus,

142 2937 196 2990 quo
215 2919 367 2975 coniuratio
385 2919 562 2987 detegeretur,
580 2916 658 2971 nimis
676 2917 757 2971 verba
770 2918 846 2970 ursit.
877 2918 976 2973 Verum
993 2919 1176 2987 profiteamur,
1194 2935 1291 2988 parum

143 3011 283 3069 constare,
307 3019 360 3071 quo
384 3004 427 3058 die
451 3003 559 3058 comitia
581 3001 675 3056 habita
698 3002 760 3055 sint.
796 3002 857 3056 Hoc
880 3020 952 3058 nunc
975 3008 1095 3068 constat,
1120 3005 1256 3072 repulsam
1275 3021 1292 3060 a

143 3089 259 3144 Catilina
277 3089 391 3144 comitiis
409 3104 484 3143 cons.
503 3089 586 3142 latam
604 3085 709 3140 initium
728 3085 921 3142 coniurationis
940 3089 996 3143 eius
1014 3087 1106 3156 tuisse,
1126 3103 1194 3156 qnae
1211 3091 1291 3159 vulgo

144 3161 331 3238 ,Catilinaris“
351 3178 473 3227 vocatur.
510 3172 595 3240 Quam
613 3171 722 3226 obrem
742 3171 851 3226 comitia
868 3173 953 3240 primo
973 3173 1033 3227 loco
1046 3173 1157 3229 tabulae
1168 3175 1257 3243 posui.

230 3262 255 3322 1)
274 3256 329 3312 Cir.
347 3256 417 3310 Iohn
433 3255 451 3308 l.
471 3270 492 3309 s.
512 3271 533 3309 s.
549 3272 575 3324 p.
595 3261 653 3311 288.

228 3345 255 3405 2)
272 3340 340 3394 lohn
359 3357 384 3408 p.
404 3343 462 3394 289.

229 3429 254 3492 3)
272 3425 341 3479 Vide
358 3425 432 3479 locos
450 3438 494 3492 ap.
513 3424 624 3490 Lrtnge²
641 3423 658 3477 l.
678 3439 700 3478 s.
720 3439 741 3478 s.
759 3439 787 3492 p.
808 3427 857 3477 248
878 3426 933 3477 not.
954 3427 977 3476 2.

228 3515 254 3577 4)
273 3510 336 3564 Sall.
356 3509 414 3563 Cat.
435 3511 475 3572 30,
494 3507 543 3562 eir.
562 3509 672 3578 Lange²
688 3524 715 3577 p.
736 3511 800 3578 2483
825 3508 893 3562 lohn
910 3523 937 3576 p.
957 3509 1007 3562 280
1026 3507 1121 3562 scribit
1138 3524 1162 3563 a.
1182 3511 1208 3565 d.
1226 3509 1291 3564 Vlll

142 3597 204 3651 Kal.
222 3595 301 3659 Nor,
318 3593 412 3648 nescio
430 3607 484 3660 qua
501 3608 592 3648 causa.

229 3685 253 3746 6)
272 3679 327 3734 Cir.
346 3679 470 3732 Momms.
489 3680 507 3731 l.
518 3693 539 3732 s.
549 3693 586 3744 s.;
604 3676 713 3746 Lange²
729 3691 757 3744 p.
769 3680 831 3744 2493
851 3675 931 3730 Halm
950 3677 967 3730 l.
981 3692 1003 3732 s.
1013 3692 1036 3733 s.
1053 3693 1080 3746 p.
1096 3681 1127 3731 10
1145 3682 1235 3734 anot.
1249 3684 1292 3744 55,

143 3763 190 3834 qui
207 3765 327 3818 Baurum
344 3761 452 3829 laudat3
471 3765 571 3831 Zumpt
587 3763 774 3831 tarpeii
793 3777 864 3830 sqq.;
882 3761 951 3816 lohn
967 3763 985 3817 l.
999 3778 1019 3816 s.
1032 3779 1053 3816 s.
1072 3779 1098 3831 p.
1110 3767 1159 3817 228
1178 3769 1234 3818 not.
1249 3769 1292 3818 50.

228 3851 254 3912 0)
273 3846 387 3900 Secutus
406 3862 465 3902 sum
482 3846 617 3900 Halmium
635 3846 663 3913 (l.
674 3862 696 3900 s.
708 3851 740 3912 ι.)
758 3851 787 3900 et
803 3846 927 3901 lobnium
945 3849 981 3914 (p.
993 3849 1042 3899 282
1055 3851 1110 3900 not.
1121 3851 1176 3912 52)ι
1196 3854 1294 3902 contra

98 3957 101 3964 ·
144 3933 193 3988 cfr.
212 3932 351 3998 Momms.;
369 3930 473 3998 Lange3
492 3930 599 3999 Zumpt.
618 3930 636 3984 l.
655 3946 677 3985 s.
696 3944 717 3984 s.

229 4022 253 4084 2)
272 4015 350 4070 Halm
367 4015 386 4069 l.
404 4030 425 4070 s.
443 4029 465 4070 s.
483 4031 511 4085 p.
533 4018 572 4070 18.

229 4105 254 4167 8)
273 4099 328 4154 Cir.
347 4099 460 4166 Lange2
476 4116 503 4168 p.
522 4103 572 4154 250
591 4102 618 4152 et
635 4100 690 4152 not.
713 4100 750 4153 12.
772 4104 810 4152 13.
848 4097 929 4152 Halm
946 4114 971 4166 p.
994 4102 1033 4165 10,
1052 4101 1094 4154 20.

1037 4200 1087 4253 el*
