3202 4862
313 371 377 434 334
753 370 884 438 Georgius
903 370 1024 425 Thouret

315 545 472 632 inspexit,
502 543 560 611 sed
589 543 756 625 utriusque
783 543 854 608 fons
885 541 1101 609 testimonium
1128 539 1209 607 illud
1231 538 1352 606 habuit.
1399 538 1470 617 Qua

316 667 393 716 usus
421 649 494 730 lage
523 645 650 712 Bailleu
680 665 707 711 a.
730 667 759 728 g.
784 642 982 710 demonstrat
1003 641 1046 728 (p.
1070 641 1125 727 26)
1154 661 1259 724 neque
1286 641 1470 725 Appianum

315 769 421 832 neque
444 747 650 815 Plutarchum
674 745 822 812 Caesaris
847 745 1090 812 commentarios
1112 743 1309 825 adhibuisse,
1332 763 1404 808 eum
1427 743 1469 808 ab

316 858 452 935 utroque
468 850 587 916 Caesar
610 846 723 914 eodem
746 847 817 913 loco
839 846 1031 912 narrationis
1046 845 1193 911 laudetur
1204 845 1236 929 ¹).
1274 847 1342 911 lam
1360 844 1469 927 timeo,

319 975 361 1020 ne
383 952 497 1019 eadem
526 949 568 1015 sit
590 969 686 1015 causa
708 947 811 1015 Asinii
833 947 996 1013 Pollionis.
1040 947 1124 1013 Nam
1147 947 1322 1033 Appianas,
1349 946 1406 1013 ubi
1429 947 1470 1014 de

317 1073 450 1120 numero
479 1069 643 1116 caesorum
672 1050 773 1116 verba
801 1048 879 1115 facit
906 1047 990 1130 (loco
1019 1069 1115 1133 supra
1143 1069 1202 1117 scr.
1226 1051 1334 1131 1182,
1360 1047 1470 1130 1-3)

319 1155 396 1220 dicit
419 1153 514 1219 haec:
544 1150 612 1234 (illc
639 1151 730 1217 illum
752 1171 918 1217 numerum
945 1170 1107 1218 caesorum
1130 1149 1242 1232 tradit)
1264 1143 1411 1226 Ἀσίνιος
1435 1148 1471 1213 db

317 1255 473 1336 Horitas,
496 1248 562 1318 ὑπὸ
582 1258 755 1339 Καίσαρος
776 1255 834 1339 τῆς
856 1251 962 1340 μάχης
984 1248 1108 1339 ἐκείνης
1124 1256 1324 1340 στρατηγῶν,
1340 1250 1470 1328 ἑξακισ-

314 1357 442 1440 χιλίους
466 1347 651 1442 ἀναγράφει
674 1352 806 1440 νεκροὺς
828 1349 1007 1442 εὑρεθῆναι
1028 1357 1094 1419 τῶν
1111 1359 1307 1442 Πομπηίον.
1348 1353 1471 1432 Quibus

318 1458 425 1525 verbis
455 1478 525 1524 cum
556 1455 772 1522 testimonium
801 1455 905 1521 Asinii
934 1456 1088 1523 Pollionis
1121 1456 1260 1523 omnium
1291 1461 1471 1523 ceterorum

318 1566 512 1644 anteponere
540 1555 701 1640 videatur,
731 1555 914 1640 Appianum
943 1557 1116 1642 praecipue
1146 1559 1292 1625 Asinium
1326 1563 1470 1624 secutum

317 1679 388 1726 esso
411 1658 482 1741 quis
506 1664 564 1741 est,
587 1659 663 1739 quin
685 1658 855 1742 opinetur?

404 1761 594 1826 Plutarchus
623 1761 656 1824 in
692 1760 761 1825 vita
790 1758 937 1826 Caesaris
967 1760 1008 1826 de
1035 1782 1166 1828 numero
1195 1780 1361 1826 caesorum
1390 1759 1471 1825 nihil

319 1861 431 1928 tradit:
462 1861 558 1928 tradit
579 1861 612 1927 in
635 1861 703 1952 sita
724 1860 871 1944 Pompei,
896 1860 984 1928 cuius
1006 1861 1039 1927 in
1061 1883 1125 1929 una
1146 1869 1237 1947 parte
1258 1862 1327 1945 (ubi
1349 1863 1471 1930 bellum

318 1964 413 2030 civile
427 1965 641 2049 persequitur)
657 1963 786 2029 iteravit
801 1983 849 2047 ea,
865 1964 995 2045 quaein
1011 1965 1078 2030 vita
1094 1965 1240 2031 Caesaris
1255 1971 1471 2050 enarraverat,

316 2065 350 2131 in
372 2067 474 2132 altera
490 2066 598 2150 paullo
614 2063 799 2148 diligentius
814 2063 927 2132 ecdem
942 2067 1029 2132 fonte
1044 2086 1120 2132 usus
1136 2072 1185 2132 est
1195 2065 1232 2149 2).
1270 2068 1376 2149 Atque
1391 2087 1469 2154 pug-

318 2165 393 2233 nam
416 2167 458 2233 ad
481 2167 670 2233 Pharsalum
693 2166 895 2233 commissam
920 2168 953 2234 in
975 2168 1042 2234 vita
1063 2169 1197 2253 Pompei
1218 2171 1318 2235 multo
1341 2170 1471 2237 uberius

318 2268 561 2351 accuratiusque
584 2267 668 2334 tradi
690 2287 785 2351 quam
808 2268 841 2334 in
863 2269 930 2334 vita
946 2268 1093 2334 Caesaris
1116 2291 1210 2337 nemo
1233 2271 1373 2354 negabit.
1406 2274 1470 2338 Ita-

318 2389 382 2452 que
404 2370 581 2454 videamus,
606 2370 683 2452 quid
706 2369 747 2434 de
770 2389 900 2435 numero
916 2389 1079 2436 caesorum
1102 2371 1135 2436 in
1151 2373 1304 2456 Pompeio
1327 2374 1472 2440 docuerit

317 2471 524 2536 Plutarchus:
547 2469 672 2553 (Pomp.
689 2473 739 2551 72,
751 2467 784 2549 3)
801 2466 902 2555 ἐ’φνγε
918 2469 1023 2535 δὲκαὶ
1046 2469 1087 2536 τά
1111 2471 1215 2539 λοιντὰ
1230 2473 1390 2559 τάγματα,
1413 2477 1471 2540 καὶ

191 2634 194 2639 ,
319 2568 422 2656 φόνος
449 2568 484 2635 ἐν
512 2572 559 2655 τῷ
594 2569 809 2656 στρατοπέδω
833 2569 939 2649 πολὺς
969 2569 1094 2658 ἐγένετο
1124 2574 1381 2663 σκηνοφυλάκων
1412 2579 1470 2642 καὶ

317 2669 550 2755 θεραπόντων.
575 2669 782 2757 στρατιώτας
798 2671 834 2736 δὲ
848 2671 969 2755 μόνους
985 2673 1224 2758 ἑξακισχιλίους
1239 2691 1356 2745 πεσεῖν
1365 2699 1469 2766 φησιν

316 2764 481 2850 Ἀσίννιος
496 2774 663 2855 Πολλίων,
687 2779 914 2863 μεμαχημένος
937 2773 1062 2867 ἐκείνην
1083 2775 1142 2865 τὴν
1162 2778 1268 2866 μάχην
1282 2778 1366 2863 μετὰ
1382 2785 1468 2846 Καί-

319 2895 430 2961 σαρος.
716 2929 718 2932 .

403 2977 506 3055 Quem
534 2976 615 3058 fugit
643 2976 817 3044 similitudo
846 2979 1010 3046 locorum?
1054 2982 1153 3050 Porro
1180 3002 1270 3068 vcro,
1301 2984 1467 3068 Appianas

318 3074 448 3156 quidem
477 3074 597 3157 optimc
624 3075 693 3140 inre
716 3076 860 3143 Asinium
883 3080 1044 3166 laudavit,
1075 3085 1164 3151 cuius
1186 3085 1366 3152 testimonio
1389 3086 1466 3153 alio·

312 3196 387 3242 rum
416 3178 583 3242 refutaret:
617 3183 651 3241 at
676 3176 889 3244 Plutarchus?
931 3183 1045 3250 Nonne
1067 3186 1182 3252 mirum
1208 3188 1238 3254 ei
1260 3187 1373 3254 ecdem
1395 3188 1466 3256 loco

317 3277 478 3362 placuisse
500 3278 621 3344 fontem
642 3279 832 3347 nominare?
872 3284 1018 3366 Denique
1040 3286 1068 3351 si
1089 3289 1190 3354 verba
1213 3289 1467 3374 comparabimus

317 3380 470 3464 Appiani:
486 3373 633 3457 Ἀσίνιος
652 3380 688 3446 δὲ
703 3383 858 3464 Πωλίων,
882 3378 948 3449 ὑπὸ
964 3390 1138 3472 Καίσαρος
1152 3392 1210 3477 τῆς
1224 3389 1328 3478 μάχης
1343 3388 1466 3478 ἐκείνης

318 3483 518 3566 στρατηγῶν,
541 3486 573 3548 et
587 3483 750 3549 Plutarchi
764 3484 859 3552 haec:
882 3480 1046 3564 Ἀσίννιος
1060 3491 1218 3556 Πολλίων
1239 3480 1467 3580 μεμαχημένος

318 3578 442 3668 ἐκείνην
463 3578 523 3668 τὴν
545 3582 651 3673 μάχην
669 3582 753 3667 μετὰ
768 3592 950 3674 Καίσαρος,
967 3590 1113 3674 equidem
1129 3595 1234 3659 facere
1249 3615 1312 3661 non
1327 3615 1465 3680 possum,

318 3683 394 3761 quin
422 3684 564 3767 suspicer
590 3694 760 3768 utrumque
789 3708 904 3757 ncmen
932 3691 1036 3759 Asinii
1058 3694 1211 3761 Pollionis
1241 3695 1273 3761 in
1306 3697 1467 3763 communi

318 3781 407 3848 fonte
427 3782 586 3854 invenisse
609 3785 679 3869 (qni
701 3789 771 3873 ipse
793 3811 834 3857 ex
857 3790 996 3860 historiis
1018 3795 1121 3862 Asinii
1144 3795 1299 3882 defluxit).

407 4018 429 4082 1)
447 4017 522 4086 App,
538 4020 588 4082 (ed.
606 4020 724 4087 Bekker)
742 4021 768 4075 b.
786 4037 810 4077 o.
828 4022 855 4076 II
874 4029 915 4092 79,
937 4031 957 4079 l.
987 4027 1058 4082 Plut.
1077 4028 1130 4094 (ed.
1149 4029 1277 4096 Sintenis)
1297 4033 1373 4088 Caes.
1386 4037 1427 4100 rt,
1439 4039 1463 4088 5.

402 4104 428 4166 2)
447 4100 501 4156 Otr.
520 4102 601 4157 Peter
617 4104 634 4158 l.
653 4119 673 4159 s.
692 4121 713 4159 s.
733 4121 759 4174 p.
781 4112 827 4160 11‘1
846 4123 904 4178 sqq.
