3202 4862
290 365 354 428 320
732 364 862 432 Georgius
880 363 1001 419 Thouret

292 545 373 620 erat,
396 539 485 604 cuius
506 556 606 620 opera
626 536 746 602 factum
769 541 826 618 est,
852 541 887 602 ut
909 534 1055 600 Caesaris
1077 537 1185 617 partes
1206 552 1311 618 paene
1333 531 1366 597 in
1388 533 1448 599 ob

293 660 385 708 scuro
407 645 616 705 versarentur.
660 638 740 704 Rem
761 638 808 702 ita
829 657 864 702 se
887 636 1005 704 habere
1029 636 1126 700 etiam
1148 654 1188 700 ex
1202 634 1375 700 Plutarcho
1391 655 1447 702 co·

290 741 402 823 gnosci
423 745 537 826 potest.
576 739 778 819 Quamquam
801 737 885 804 enim
904 739 1030 821 seimus,
1054 735 1198 804 Ciceroni
1212 736 1329 800 multas
1344 735 1449 800 fuisse

291 842 498 925 suspiciones,
520 841 691 908 Caesarem
715 839 801 906 haud
822 840 1026 907 abhorruisse
1047 858 1069 902 a
1083 836 1223 905 consiliis
1241 837 1398 904 Catilinae
1410 836 1447 922 ¹),

290 949 400 1010 tamen
423 963 496 1008 eum
518 943 550 1008 iu
573 942 799 1007 commentario
824 961 882 1006 suo
912 939 953 1006 de
983 939 1121 1006 Caesare
1151 939 1289 1004 tacuisse
1319 939 1446 1005 Plutar—

292 1046 371 1112 chus
393 1044 495 1110 docet.
541 1043 625 1108 Dicit
647 1041 786 1140 animuin
803 1043 917 1109 Crasso
939 1039 979 1122 (e.
999 1039 1064 1124 13):
1079 1031 1192 1122 Ὅμως
1208 1031 1239 1103 d'
1259 1033 1276 1104 ὃ
1293 1043 1447 1126 Κικέρων

293 1143 328 1210 έν
349 1170 418 1209 τινι
440 1142 526 1229 λόγῳ
550 1141 695 1231 φανερὸς
723 1139 763 1230 ην
785 1141 933 1230 Κράσσῳ
955 1143 1023 1207 καὶ
1044 1146 1229 1227 Καίσαρι
1249 1138 1309 1228 τὴν
1332 1141 1447 1208 αἰτίαν

292 1243 583 1332 προςτριβόμενος.
623 1237 713 1310 Ἀλλ’
740 1237 836 1321 οὗτος
864 1243 924 1326 μέν
954 1239 971 1309 ὁ
997 1241 1093 1328 λόγος
1115 1240 1255 1329 ἐξεδόθη
1278 1241 1446 1330 μεταίτην

292 1341 420 1434 ἀμφοῖν
442 1345 609 1433 τελευτήν,
633 1344 667 1411 ἐν
691 1346 726 1411 δέ
748 1349 796 1430 τῷ
818 1347 898 1431 περὶ
920 1339 1083 1422 ὑπατείας
1105 1339 1122 1410 ὃ
1148 1348 1296 1430 Κικέρων
1319 1343 1445 1432 νύκτωρ

293 1450 378 1536 φησὶ
399 1445 456 1513 τὸν
472 1447 628 1533 Κράσσον
652 1440 840 1533 ἀφικέσθαι
855 1443 941 1532 πρὸς
956 1438 1056 1511 αὐτὸν
1072 1443 1252 1532 ἐπιστολὴν
1266 1445 1445 1528 κομίζοντα

292 1548 334 1615 τὰ
357 1551 437 1636 περὶ
458 1545 516 1613 τὸν
538 1550 722 1614 Κατιλίναν
745 1545 977 1635 ἐξηγουμένην,
1006 1542 1052 1624 ὥς
1079 1543 1140 1634 ἤδη
1162 1550 1362 1630 βεβαιοῦντα
1384 1546 1445 1636 τὴν

293 1654 513 1734 συνωμοσίαν.
547 1645 583 1716 ‘0
606 1643 637 1715 d'
664 1635 721 1715 οὗν
735 1648 892 1735 Κράσσος
914 1642 967 1715 ciat
988 1649 1048 1732 μὲν
1070 1647 1179 1732 ἐμίσει
1192 1645 1250 1714 τὸν
1271 1654 1445 1736 Κικέρωνα

293 1750 351 1818 διὰ
373 1754 470 1817 τοῦτο
493 1776 521 1816 κ.
538 1776 564 1815 τ.
582 1751 610 1816 l.

379 1853 608 1935 Undecumque
636 1851 717 1920 haee
742 1852 893 1937 sumpsit:
923 1851 1033 1918 Cicero
1055 1873 1119 1918 non
1143 1856 1191 1918 est
1212 1853 1291 1920 fons.
1337 1853 1443 1920 Verba

293 1955 410 2023 docent
436 1954 635 2038 Ciceronem,
659 1955 805 2036 quamvis
828 1959 1009 2039 suspectum
1032 1953 1203 2020 Caesarem
1226 1954 1370 2038 haberet,
1396 1963 1440 2021 ta

269 2078 365 2129 ¹men
394 2057 427 2122 in
457 2056 683 2123 commentario
713 2055 844 2122 Caesari
871 2055 1001 2139 quidem
1028 2055 1226 2139 pepercisse,
1256 2056 1297 2122 de
1326 2057 1441 2124 Crasso

291 2165 400 2226 autem
421 2160 454 2224 in
476 2157 583 2224 medio
606 2157 789 2239 reliquisse,
818 2163 922 2223 utrum
951 2157 1111 2240 quispiam
1139 2175 1212 2222 eum
1235 2156 1349 2224 eodem
1372 2160 1441 2227 loco

293 2261 413 2327 habere
435 2260 543 2341 vellet,
567 2277 629 2340 quo
645 2258 803 2325 Catilinae
818 2260 932 2339 socios,
954 2257 1100 2339 neone2).
1131 2258 1275 2336 Quocum
1291 2267 1442 2328 consonat

293 2360 380 2444 quod
394 2361 586 2427 Plutarchus
609 2360 649 2426 de
672 2361 814 2426 oratione
836 2380 856 2424 a
879 2359 1017 2425 Caesare
1039 2359 1072 2424 in
1094 2366 1206 2425 senatu
1228 2360 1340 2426 habita
1359 2362 1441 2429 Non.

293 2463 370 2528 Dec.
388 2465 445 2527 691
462 2481 490 2526 u.
504 2482 528 2526 c.
544 2460 724 2546 praedicat:
742 2453 841 2546 οὔσης
856 2458 892 2524 δὲ
907 2462 965 2547 τῆς
979 2451 1110 2546 γνώμης
1125 2456 1291 2538 ἐπιεικοῦς
1306 2461 1384 2545 (dio.
1401 2469 1438 2528 21

291 2563 359 2646 in),
380 2560 525 2644 congruit
547 2561 686 2642 denique
707 2561 795 2627 locus
816 2561 850 2626 in
872 2562 940 2628 vita
963 2560 1052 2628 Caes.
1071 2561 1111 2644 (c.
1129 2563 1174 2645 8),
1196 2563 1237 2629 de
1260 2581 1323 2643 quo
1345 2585 1442 2650 supra

292 2663 420 2731 uberius
443 2664 494 2747 egi
516 2660 560 2744 (p.
578 2661 663 2745 315),
686 2681 748 2742 quo
771 2663 842 2729 looo
858 2663 1046 2730 Plutarchus
1061 2663 1202 2748 miratur,
1229 2666 1315 2744 qnod
1331 2665 1441 2734 Cicero

292 2762 326 2831 ἐν
349 2766 396 2850 τῷ
411 2765 491 2849 περὶ
507 2759 679 2842 ὑπατείας,
704 2765 753 2840 ,si
769 2766 864 2832 modo
880 2785 992 2832 verum
1008 2770 1077 2830 erat
1084 2767 1107 2846 “,
1129 2767 1338 2850 praeterierit,
1362 2768 1440 2834 Cae·

292 2888 398 2934 sarem
419 2866 454 2931 in
475 2866 617 2951 periculo
638 2865 746 2949 fuisse,
768 2887 808 2932 ne
831 2867 873 2932 ab
895 2865 1151 2934 adolescentibus
1173 2869 1334 2948 equitibus
1348 2890 1441 2937 neca·

291 2975 387 3036 retur.
417 2967 557 3046 Quorum
579 2987 692 3033 manus
706 2967 891 3034 Ciceronem
913 2967 1067 3052 praesidii
1089 2987 1186 3034 causa
1207 2970 1440 3056 circumstabat,

292 3069 348 3149 qui
375 3068 445 3150 ipse
475 3086 575 3150 saepe
603 3066 785 3150 admonuit,
814 3068 954 3132 futurum
978 3089 1042 3133 non
1071 3069 1168 3134 luisse
1197 3077 1233 3136 ut
1259 3073 1440 3157 respublica

291 3171 489 3251 servaretur,
518 3168 580 3234 nisi
608 3167 780 3252 optimates
806 3172 838 3231 et
860 3168 983 3248 equites
1005 3171 1238 3238 consensissent
1246 3172 1283 3256 ³).
1328 3175 1440 3259 Itaque

290 3271 319 3336 si
340 3270 388 3334 illi
409 3268 581 3354 perniciem
597 3268 726 3336 Caesari
742 3267 853 3334 minati
868 3275 950 3352 sunt,
973 3269 1129 3354 suspicari
1154 3273 1229 3341 licet
1252 3275 1439 3342 Ciceronem

292 3390 427 3453 quoque,
451 3370 578 3437 etiamsi
600 3371 764 3438 consilium
788 3391 897 3438 eorum
919 3390 983 3435 non
1005 3371 1165 3456 probaret,
1189 3375 1276 3442 haud
1290 3377 1384 3444 aliter
1398 3379 1439 3445 de

292 3471 429 3539 Caesare
451 3473 597 3539 sensisse.
634 3474 704 3538 Iam
726 3493 796 3539 curn
818 3471 1020 3558 perspicuum
1042 3473 1084 3540 sit
1105 3495 1177 3542 eum
1200 3475 1281 3544 haec
1303 3484 1335 3543 et
1361 3479 1439 3545 talio

290 3609 494 3620 ——-—-.

379 3675 402 3737 l)
422 3671 475 3724 Cfr.
493 3686 543 3740 pro
561 3671 633 3726 Mur.
651 3676 692 3740 39,
711 3678 757 3742 ⁸43
775 3673 875 3727 Asson.
893 3672 922 3725 in
940 3687 977 3725 or.
994 3673 1024 3726 in
1044 3679 1098 3743 tog.
1117 3677 1195 3731 rand.
1214 3694 1239 3746 p.
1260 3684 1302 3734 74.
1337 3678 1437 3736 Kiessl.

290 3761 319 3810 et
335 3755 433 3810 Schbll.
454 3759 528 3809 1875.
564 3756 599 3810 ad
616 3757 673 3811 Art
690 3757 717 3812 X
734 3761 758 3823 8,
778 3761 803 3810 8.

377 3845 403 3905 2)
421 3839 503 3894 Falso
521 3840 631 3894 lohnins
650 3842 782 3911 suspicari
799 3841 904 3896 videtur
921 3840 987 3894 mihi
1008 3841 1097 3911 ipsum
1119 3843 1273 3902 Ciceronem
1290 3849 1363 3902 illam
1381 3848 1436 3917 epi-

289 3924 390 3979 stulam
407 3923 507 3978 Crasso
525 3926 708 3994 supposuisse.
745 3927 855 3981 Etenim
873 3925 897 3980 si
913 3927 965 3981 hoo
983 3942 1073 3982 verum
1094 3935 1173 3994 esset,
1192 3946 1337 4001 numquam
1356 3933 1436 3988 credo

289 4010 319 4064 in
337 4009 528 4063 commentario
546 4009 614 4063 haec
632 4010 795 4079 scripsisset.

375 4090 644 4158 aletrannum
664 4097 686 4159 1,
705 4099 734 4163 83
757 4094 771 4149 1
791 4100 831 4163 16,
850 4101 874 4150 6.

1587 2717 1592 2832 1
