3202 4862
305 347 367 410 306
742 346 873 414 Georgius
892 345 1014 398 Thouret

304 523 416 590 favent
427 519 639 599 Caesarisque
653 517 813 599 laudibus,
829 517 907 582 mibi
923 515 1073 600 proposui
1088 533 1251 595 quaerere,
1268 513 1323 596 qui
1337 514 1462 580 laetum

306 628 401 706 esset,
422 628 458 688 ut
472 621 658 688 adversaria
671 638 746 703 pars
767 614 830 684 non
853 618 1024 683 audiretur.
1059 615 1129 694 Qua
1152 615 1192 680 de
1214 637 1250 682 re
1272 615 1315 680 ad
1338 622 1462 681 eertum

306 724 458 791 iudicium
486 721 648 808 perveniri
678 741 742 786 non
772 738 868 803 posse
901 719 980 784 mihi
1011 718 1171 804 persuasi,
1201 718 1264 784 nisi
1296 717 1463 800 indagatis

306 826 505 909 detectisque
525 821 680 903 lontibus,
709 840 750 886 ex
773 820 888 902 quibus
910 840 969 885 sua
991 820 1124 901 quisque
1146 820 1280 904 ueriptor
1306 819 1462 886 hauserit.

305 931 419 1011 Itaque
433 926 610 1012 permultae
625 921 704 987 mihi
720 923 908 988 exstiterunt
923 922 1067 1004 singulae
1089 923 1301 1005 quaestiones,
1325 940 1465 1002 quarum

307 1038 372 1097 tres
393 1029 454 1094 hau
476 1025 699 1092 dissertatione
721 1022 905 1090 ooniunotas
926 1043 1104 1107 proponere
1132 1022 1246 1089 audeo.
1290 1022 1392 1088 Simul
1425 1022 1465 1086 in

307 1131 413 1195 animo
435 1129 555 1208 habeo,
584 1127 613 1192 si
634 1127 770 1210 probata
792 1130 900 1200 erunt,
929 1145 1011 1207 quae
1040 1125 1200 1192 invenisse
1230 1125 1309 1190 mihi
1336 1123 1464 1205 videor,

227 1295 230 1301 .
307 1231 447 1297 labentis
462 1231 584 1296 liberae
601 1229 649 1294 rei
661 1228 809 1312 publicae
824 1214 989 1294 Romanae
1004 1227 1174 1311 scriptores
1196 1229 1390 1312 perlustrare
1413 1229 1464 1288 at-

309 1352 370 1415 que
400 1331 583 1413 ostendere,
614 1328 691 1412 quid
721 1329 834 1409 auique
864 1329 907 1394 ad
935 1348 986 1394 res
1016 1327 1224 1395 Caesarianas
1252 1325 1464 1393 illustrandas
1581 1381 1582 1392 ,

308 1433 493 1500 debeamus.

565 1803 589 1867 l.
621 1801 831 1868 Ciceronis
860 1801 958 1883 περὶ
983 1794 1198 1876 ὗπατέίας.

834 1953 936 1963 .---

396 2054 578 2121 Weieherto
594 2053 793 2118 asseveranti
806 2074 870 2119 non
893 2073 973 2136 esse,
997 2074 1051 2118 eur
1071 2055 1247 2135 lugeamus,
1272 2053 1357 2133 quod
1374 2051 1462 2117 Ciue-

309 2156 395 2223 ronis
417 2154 662 2220 commentarius
685 2155 765 2237 περὶ
787 2148 951 2230 ὑπατείας
979 2156 1109 2240 perierit
1122 2155 1162 2238 ¹),
1190 2157 1287 2238 plane
1315 2155 1465 2220 assentiri

309 2278 374 2325 non
395 2276 534 2341 possum.
577 2256 662 2322 Nam
684 2256 810 2320 etiamsi
831 2256 920 2321 nulla
944 2259 1010 2320 fere
1040 2257 1141 2321 oratio
1164 2277 1184 2320 a
1207 2256 1360 2322 Cicerone
1387 2261 1464 2340 post

309 2380 427 2425 anuum
457 2361 515 2421 691
542 2378 571 2423 ιι.
595 2379 621 2423 o.
652 2357 762 2422 habita
792 2357 884 2422 nobis
913 2361 1032 2440 exstat,
1062 2358 1095 2422 in
1125 2375 1189 2437 qua
1210 2378 1273 2422 non
1295 2358 1396 2422 multa
1416 2357 1462 2420 fe-

202 2521 203 2524 ,
310 2461 389 2527 uerit
417 2459 518 2525 verba
546 2457 587 2521 de
614 2459 779 2523 consulatu
801 2477 858 2524 suo
888 2459 979 2540 quasi
1001 2459 1069 2523 sole
1097 2478 1174 2524 suae
1202 2458 1307 2542 vitae,
1337 2456 1462 2522 etiamsi

311 2565 460 2642 quattuor
473 2559 551 2624 illae
566 2559 725 2625 orationes
741 2559 948 2625 Catilinariae
962 2580 1023 2642 res,
1048 2578 1129 2640 quae
1148 2561 1191 2625 ad
1213 2559 1462 2625 coniurationem

312 2660 470 2727 Catilinae
485 2659 655 2745 pertinent,
678 2660 927 2726 luoulentissime
942 2661 1104 2727 illustrant
1119 2666 1215 2742 atque
1233 2661 1461 2741 demonstrant,

310 2762 437 2829 etiamsi
462 2762 600 2843 denique
623 2760 733 2827 Cicero
755 2762 889 2846 librum,
918 2762 958 2828 de
980 2782 1043 2844 quo
1065 2764 1170 2847 agitur
1191 2783 1220 2827 a.
1244 2764 1359 2836 693194
1381 2781 1411 2827 ιι.
1435 2781 1460 2826 o.

263 2945 265 2948 ¹
312 2863 494 2948 coniecit2),
519 2883 581 2945 quo
597 2870 740 2946 tempore
756 2863 825 2948 ipse
841 2884 946 2930 rerum
970 2870 1071 2930 status
1092 2863 1269 2946 impedivit,
1294 2862 1461 2944 quominus

313 2964 486 3047 detegeret,
510 2963 587 3044 quid
602 2984 678 3029 vere
694 2967 825 3030 sentiret
841 2965 881 3030 de
897 2965 1049 3031 Caesare:
1072 2971 1179 3031 tamen
1193 2966 1300 3030 neseio
1316 2985 1358 3028 an
1377 2970 1462 3030 reete

311 3063 459 3146 iudioem,
482 3064 592 3147 magni
612 3063 705 3128 nobis
727 3065 821 3148 pretii
841 3065 979 3130 futurum
1001 3067 1108 3148 fuisse,
1130 3067 1159 3132 si
1180 3072 1308 3150 praeter
1329 3064 1463 3131 Sallusti

311 3165 428 3231 librum
443 3170 589 3230 servatus
604 3168 688 3229 esset
703 3165 785 3230 alter
798 3165 840 3230 de
856 3165 1014 3234 Catilinae
1033 3168 1248 3234 coniuratione
1271 3166 1312 3231 ab
1335 3165 1464 3248 aequali
1581 3239 1582 3264 1

313 3266 375 3332 seri
399 3270 457 3332 tus.

375 3287 463 3433 pSed
486 3386 571 3433 vana
592 3365 674 3432 haee
696 3368 840 3448 quaestio
862 3373 959 3451 atque
983 3368 1088 3432 inanis
1117 3367 1219 3433 videri
1247 3367 1360 3449 debet,
1391 3387 1463 3432 oum

312 3489 376 3535 non
405 3469 508 3534 solum
535 3467 591 3533 ille
619 3465 701 3534 liber
730 3468 852 3534 Craeoe
882 3469 1074 3554 compositus
1102 3469 1248 3554 perierit,
1278 3469 1336 3535 sed
1365 3469 1463 3536 etiam

314 3589 533 3652 quaecumque
555 3567 666 3634 Cioero
688 3569 801 3634 eodem
824 3568 865 3634 de
888 3571 1053 3636 oonsulatu
1075 3591 1132 3638 suo
1155 3573 1327 3637 vernacula
1354 3572 1464 3655 lingua
1581 3569 1582 3656 J

402 3821 426 3882 1)
443 3817 511 3885 Imp.
530 3818 654 3874 Caesaris
672 3818 791 3887 Augusti
807 3819 970 3889 scriptorum
988 3821 1117 3888 reliquiae
1134 3822 1185 3876 vol.
1204 3823 1226 3886 1,
1249 3821 1370 3876 Grimma
1390 3825 1464 3887 1841,

312 3920 340 3974 p.
363 3905 418 3956 191.

400 3989 425 4051 2)
443 3983 483 4038 Id.
501 3984 581 4040 Mart.
601 3991 650 4042 694
670 3987 764 4041 Cicero
783 3987 818 4041 ad
835 3987 956 4041 Atticum
974 3988 1069 4042 scribit
1086 3989 1110 4055 (I
1130 3992 1169 4055 19,
1191 3995 1221 4044 10
1241 3991 1308 4056 Or.):
1329 4004 1465 4045 commen-

313 4070 413 4125 tarium
432 4069 589 4124 consulatus
607 4071 659 4125 mei
678 4071 784 4126 Graece
802 4073 980 4141 compositum
998 4072 1059 4126 misi
1076 4072 1111 4127 ad
1128 4078 1164 4128 te.
