3202 4862
5 4153 11 4218 l

395 375 428 429 de
447 373 584 436 Cicerone,
604 374 699 430 Asinio
718 373 848 442 Polllone,
867 374 936 430 Gaio
953 375 1050 445 Oppio.
1240 373 1301 436 343

150 545 233 612 sisse
255 544 360 612 Asinii
382 564 422 613 ex
444 546 595 630 historiis,
618 554 695 630 tum,
719 567 790 613 cum
812 545 855 612 ad
875 545 999 612 initium
1022 546 1100 614 belli
1122 545 1226 615 civilis
1248 569 1301 616 ue-

150 647 262 730 nisset,
285 649 484 734 expressisse
505 648 661 716 Asinium.

243 749 309 816 Sed
338 750 450 832 timeo,
486 771 527 818 ne
556 752 657 819 multa
684 757 871 836 repugnent.
924 751 1063 816 Primum
1093 751 1177 818 enim
1205 771 1302 837 supra

150 850 222 918 dixi
246 852 386 939 Appiani
407 853 523 919 librum
539 851 580 920 de
596 854 680 920 bello
698 850 786 920 civili
802 851 996 920 Caesariano
1017 851 1097 919 nihil
1119 852 1209 920 aliud
1231 873 1302 920 esse

148 975 245 1040 posse
275 976 371 1040 quam
397 959 580 1040 excerptum
603 975 644 1021 ex
665 953 769 1020 Asinii
791 973 888 1037 opere
909 951 977 1036 (cir.
998 974 1030 1037 p.
1055 953 1142 1039 342).
1185 955 1228 1021 At
1250 939 1326 1022 cos

147 1056 328 1140 gnevimus,
351 1076 510 1140 quaenam
533 1054 744 1123 efflorescerct
766 1057 908 1122 confusio
929 1063 1012 1140 tum,
1042 1077 1114 1123 cum
1136 1057 1301 1142 Appianus

149 1164 346 1243 excerperet.
387 1160 559 1225 Praeterea
580 1164 687 1223 autem
704 1163 735 1224 et
758 1163 903 1224 extrema
922 1179 998 1243 pars
1018 1158 1093 1225 libri
1115 1157 1248 1226 secundi
1270 1164 1302 1226 et

148 1259 225 1325 libri
247 1260 366 1326 Ill-V
388 1266 454 1325 tam
476 1259 647 1325 verbosam
677 1257 797 1328 hahent
826 1262 1017 1340 orationem,
1048 1266 1084 1327 ut
1106 1260 1301 1343 persuadere

146 1361 230 1427 mihi
244 1380 308 1427 non
323 1361 444 1445 possim
459 1381 532 1427 eum
553 1359 604 1428 his
625 1362 771 1446 partibus
797 1362 945 1430 eumdem
963 1363 1083 1430 fontem
1105 1361 1300 1445 adhibuisse,

148 1483 248 1546 quem
270 1462 303 1530 in
325 1463 412 1528 bello
435 1461 521 1528 civili
544 1462 737 1532 Caesariano
760 1466 918 1532 narrando
941 1465 1140 1531 adhibuerat.

236 1565 308 1631 Huc
329 1564 463 1649 accedit,
486 1564 573 1648 quod
594 1565 708 1632 mirum
730 1566 764 1632 in
787 1565 916 1634 modum
939 1588 1010 1633 cum
1033 1565 1205 1633 Plutarcho
1228 1585 1299 1632 con-

149 1670 256 1732 sonat:
296 1684 396 1748 quare
429 1665 578 1734 existimo
611 1675 644 1733 et
676 1669 860 1754 Appianum
890 1674 923 1735 et
950 1667 1155 1734 Plutarchum
1183 1667 1217 1733 in
1245 1667 1300 1733 de·

150 1767 319 1834 scribendo
342 1768 427 1834 bello
451 1767 538 1834 civili
559 1774 689 1836 auctore
718 1771 825 1852 aliquo
856 1771 1009 1837 Graeco
1038 1789 1114 1837 usos
1143 1787 1223 1853 esse,
1246 1769 1301 1854 qui

149 1868 234 1937 hauc
256 1870 370 1937 saltem
391 1875 514 1953 partem
536 1871 740 1939 historiarum
762 1873 866 1939 Asinii
888 1871 1029 1939 breviter
1050 1870 1253 1938 contraxerit.

236 1970 349 2038 Utrum
383 1971 480 2038 etiam
511 1972 596 2039 ultra
625 1975 772 2040 Caesaris
806 1977 940 2040 mortem
971 1990 1160 2058 progressus
1193 1972 1234 2038 sit
1266 1972 1300 2038 in

152 2071 320 2138 scribendo
343 2073 399 2139 ille
422 2093 539 2156 necne,
564 2073 731 2141 diiudicari
753 2097 816 2142 non
837 2081 959 2160 potest,
983 2094 1055 2140 cum
1078 2079 1205 2158 praeter
1226 2073 1299 2140 Plu·

149 2173 255 2239 tarchi
278 2174 361 2240 vitas
382 2175 473 2240 Bruti
495 2181 529 2240 et
543 2177 673 2242 Antonii
694 2196 757 2243 non
783 2177 969 2260 habeamus,
992 2175 1079 2262 quod
1100 2175 1300 2242 conferamus

151 2296 222 2342 cum
238 2276 377 2361 Appiani
398 2276 491 2342 libris
511 2277 638 2343 IH-V.
674 2279 734 2346 His
751 2279 841 2345 libris
856 2279 1001 2345 diversas
1016 2277 1139 2343 litteras
1154 2277 1187 2342 in
1202 2298 1300 2344 unum

151 2397 264 2463 corpus
280 2397 351 2444 esse
366 2377 513 2444 confusas
528 2380 732 2446 manifestum
748 2387 805 2446 est.
842 2381 924 2448 Toto
942 2379 1050 2445 auimo
1066 2399 1137 2446 cum
1152 2379 1299 2446 Bailleuo

149 2479 323 2563 consentio,
346 2480 401 2565 qui
420 2478 672 2547 luculentissime
686 2482 917 2549 demonstrauit
937 2481 1011 2549 illos
1030 2481 1130 2547 libros
1144 2480 1298 2564 redolere,

148 2588 186 2647 ut
206 2582 252 2646 ita
267 2580 382 2666 dicam,
404 2581 548 2646 Asinium
571 2581 702 2665 eiusque
724 2584 933 2650 acerbitatem
947 2584 981 2665 1).
1018 2581 1144 2650 Deinde
1162 2582 1300 2666 vestigia

150 2682 303 2750 librorum
317 2682 359 2747 ab
374 2683 519 2768 Augusto
535 2682 577 2750 de
591 2684 659 2750 vita
673 2703 732 2750 sua
747 2684 937 2767 scriptorum
956 2683 1024 2767 (cfr.
1042 2685 1128 2751 Suet.
1145 2686 1226 2766 Aug.
1244 2683 1299 2768 85)

148 2804 208 2868 per
229 2804 340 2851 omnes
361 2791 425 2851 tres
451 2785 550 2852 libros
573 2792 700 2852 exstant
709 2785 743 2868 ²).
786 2786 957 2851 Nonnullis
978 2786 1058 2852 locis
1081 2785 1299 2852 commentarii

148 2887 308 2954 Messalae
330 2887 456 2953 elucent
466 2887 499 2970 ³).

236 2987 271 3056 Si
301 2994 408 3054 autem
430 2989 556 3056 Bailleu
586 2987 805 3055 demonstrare
832 2987 934 3055 voluit
962 3007 1073 3055 omnes
1103 3007 1159 3054 eas
1191 2993 1299 3073 portes

149 3090 296 3157 diversas
321 3090 387 3156 iam
409 3090 554 3157 Asinium
575 3091 753 3158 Pollionem
776 3089 993 3175 coniunxisse,
1015 3091 1133 3158 frustra
1162 3088 1298 3157 sudavit.

234 3193 313 3273 Quis
344 3192 428 3259 enim
457 3192 602 3259 crederet
628 3192 791 3278 Asinium,
821 3194 876 3277 qui
903 3214 967 3261 non
999 3193 1161 3261 dubitaret
1189 3193 1299 3259 divum

150 3294 322 3360 Caesarem
350 3294 550 3379 vituperare,
581 3294 667 3377 quod
696 3295 940 3361 commentarios
969 3314 1102 3377 ,parum
1131 3294 1300 3377 diligenter

149 3415 326 3480 parumque
347 3395 471 3479 integra
492 3397 648 3462 veritate“
671 3393 901 3479 composuisset
910 3392 954 3478 ⁴),
976 3393 1031 3476 qui
1051 3401 1118 3460 tam
1137 3393 1299 3460 difficilem

149 3500 295 3584 Augusto
324 3517 359 3564 se
385 3499 568 3582 praeberet,
595 3503 630 3563 ut
651 3497 860 3582 Timagenem
888 3515 994 3562 rerum
1024 3496 1224 3580 scriptorem,
1247 3494 1298 3560 cui

150 3635 355 3646 nnn-aun———u—

238 3702 260 3763 1)
279 3697 334 3753 Gir.
353 3698 429 3768 impr.
448 3697 488 3752 llI
505 3701 545 3752 89.
564 3701 606 3752 91.
625 3701 666 3752 91.
686 3701 731 3766 93;
759 3695 864 3750 Bailleu
881 3696 899 3750 l.
917 3712 938 3752 s.
957 3712 979 3751 s.
997 3711 1025 3764 p.
1044 3699 1077 3750 ³0
1094 3710 1153 3766 sqq.

235 3787 261 3849 2)
281 3783 386 3838 Bailleu
403 3801 431 3854 p.
450 3788 481 3837 11
500 3799 556 3852 sqq.
575 3782 625 3838 hos
642 3784 718 3838 locos
736 3781 826 3836 affert:
851 3780 891 3835 111
909 3785 1013 3835 9-23.
1033 3783 1156 3835 18-91.
1178 3784 1299 3836 10-41.

148 3872 259 3922 47-18.
278 3872 320 3922 64.
339 3873 381 3923 13.
400 3873 441 3922 75.
461 3871 503 3923 76.
522 3870 631 3921 80-82.
652 3870 760 3922 85-95.
788 3866 826 3920 Ν
844 3870 936 3920 8-11,
963 3865 989 3922 V
1006 3869 1046 3919 28.
1069 3869 1110 3920 45.
1130 3870 1170 3920 5³.
1189 3868 1298 3919 81-90.

148 3956 277 4008 stt-tar.
312 3951 368 4006 cfr.
385 3951 463 4022 impr.
481 3953 522 4006 111
539 3956 571 4006 95
590 3967 614 4006 c.
632 3951 705 4005 Suet.
725 3951 793 4020 Aug.
812 3954 853 4004 27.

235 4040 261 4104 3)
278 4037 316 4093 lV
336 4040 386 4091 119
403 4037 450 4092 cir.
470 4052 531 4091 cum
548 4036 620 4092 Plut.
638 4037 715 4092 Brut.
728 4041 771 4092 16.
798 4035 837 4090 IV
859 4041 905 4091 191
923 4035 972 4091 cfr.
991 4051 1052 4092 eum
1069 4034 1140 4090 Plut.
1159 4034 1236 4090 Brut.
1256 4038 1297 4089 99.

234 4126 260 4188 1)
279 4120 334 4176 Cir.
354 4121 430 4177 Suet.
449 4120 501 4178 div.
519 4123 569 4177 Iul.
588 4127 630 4178 56.
