3202 4862
396 380 429 437 de
446 382 586 447 Cicerone,
604 383 699 438 Asinio
716 383 845 451 Pollione,
864 384 933 439 Gaio
952 382 1047 453 Oppio.
1239 382 1301 444 335

237 553 303 620 Sed
324 555 443 621 talibus
464 553 498 619 in
520 554 761 634 quaestionibus
785 555 855 637 quis
877 556 955 623 certi
968 553 1091 637 aliquid
1106 557 1301 624 contendat?

150 656 277 722 Etenim
300 656 328 722 si
342 656 474 723 Asinius
496 654 617 722 sercin
641 655 724 721 huno
746 656 875 723 modum
897 657 1038 741 scripsit:
1061 657 1115 734 ,in
1130 678 1170 724 ea
1183 679 1300 744 pugna,

151 759 201 824 cui
226 760 296 844 ipse
318 758 447 824 interfui
468 759 595 839 legatus
618 755 774 840 Caesaris,
796 756 980 824 ceciderunt
1000 778 1064 826 non
1086 759 1178 824 XXV
1201 761 1300 845 milia,

150 866 186 926 nt
206 861 304 943 vulgo
327 861 440 942 ferunt,
464 858 522 925 sed
536 857 581 923 VI
602 857 703 940 sola“,
725 857 794 924 ficri
816 859 926 942 potuit,
950 865 985 925 ut
1007 867 1139 944 uterque
1154 862 1301 928 Asinium

150 961 313 1029 laudaret:
335 960 501 1046 Appianus
523 979 594 1025 cum
609 959 667 1024 illa
683 960 782 1026 verba
795 961 921 1046 integra
934 960 968 1026 in
984 960 1140 1028 Graecam
1157 963 1301 1047 linguam

151 1063 347 1146 transferret,
371 1068 403 1130 et
424 1060 624 1143 Plutarchus,
648 1079 718 1126 cum
741 1080 789 1144 ea,
812 1068 848 1128 ut
869 1063 1004 1147 solebat,
1027 1065 1235 1133 contraheret.

237 1165 311 1250 Sed,
334 1172 370 1231 ut
383 1183 563 1249 pergamus,
579 1161 725 1245 pluribus
739 1161 817 1226 mihi
833 1161 1058 1248 disputandum
1073 1173 1122 1233 est
1136 1166 1179 1233 de
1193 1186 1300 1252 ceusu,

152 1287 247 1350 quem
270 1289 291 1334 a
313 1267 451 1333 Caesare
473 1272 580 1330 actum
602 1269 635 1328 ct
656 1262 846 1329 Plutarchus
867 1261 975 1348 (Caes.
991 1269 1043 1350 55,
1059 1267 1156 1351 3—4)
1179 1274 1212 1334 et
1234 1269 1299 1354 Ap-

150 1370 266 1455 pianus
288 1367 333 1451 (II
359 1371 418 1432 102
440 1363 536 1449 extr.)
558 1370 794 1431 commemorat.

244 1470 338 1536 Certo
371 1469 488 1534 scimus
523 1485 651 1532 censum
685 1466 855 1532 caesarem
884 1486 948 1532 non
984 1465 1097 1550 egisse.
1154 1463 1301 1552 Namque

151 1573 315 1656 Augustus
336 1571 370 1636 in
392 1587 529 1635 monum.
545 1567 692 1651 Ancyr.¹)
716 1573 825 1652 aperte
844 1566 936 1634 dicit:
959 1569 1012 1645 ,in
1029 1570 1193 1637 consulatu
1208 1580 1300 1640 sexto

152 1676 187 1758 (i.
211 1695 238 1740 e.
262 1693 334 1739 ann.
357 1669 434 1753 726)
463 1686 592 1735 censum
614 1669 726 1753 populi
748 1670 882 1752 conlega
903 1668 945 1735 M.
969 1670 1115 1755 Agrippa
1135 1673 1196 1756 egi.
1240 1674 1300 1740 Lu·

151 1781 251 1843 strum
273 1778 347 1859 post
367 1790 485 1836 annum
506 1771 641 1836 alterum
663 1775 696 1835 ct
717 1770 996 1856 quadragesimum
1018 1771 1111 1840 feci.“

237 1877 322 1962 Ergo
352 1871 543 1940 novissimus
571 1870 673 1938 libera
698 1872 863 1957 republica
883 1892 997 1940 census
1019 1894 1048 1940 a.
1073 1877 1134 1939 684
1157 1895 1187 1940 u.
1211 1897 1237 1942 c.
1259 1877 1300 1942 M.

153 1978 268 2045 Crasso
290 1975 346 2041 On.
368 1969 521 2059 Pompeio
544 1993 624 2039 coss.
647 1972 776 2040 habitus
799 1979 856 2057 est,
882 1992 977 2055 quem
1000 1974 1131 2058 respicit
1151 1975 1303 2059 periocha

153 2079 225 2146 Liv.
247 2081 287 2144 98
310 2077 360 2143 his
381 2075 504 2144 verbis:
533 2094 701 2152 ,censores
724 2111 763 2122 -
786 2111 828 2121 -
855 2096 875 2141 a
903 2075 1018 2160 quibus
1048 2078 1147 2144 lustro
1175 2076 1302 2144 condito

154 2199 252 2248 censa
273 2183 346 2244 sunt
367 2177 483 2243 civium
505 2176 613 2261 capita
635 2162 773 2243 ῧῦἶόῧ
785 2176 841 2260 ἳ).“

240 2280 360 2348 Cacsar
380 2297 543 2346 recensum
566 2277 641 2362 egit,
664 2277 706 2345 de
729 2297 791 2360 quo
810 2277 980 2345 Suetonius
1002 2277 1084 2346 haec
1105 2279 1182 2345 facit
1204 2280 1305 2346 verba

155 2381 234 2468 (div.
249 2383 308 2449 Iul.
326 2381 397 2464 41);
420 2399 605 2458 ,recensum
628 2381 737 2466 populi
758 2401 818 2447 nec
839 2399 927 2446 more
949 2400 1010 2447 nec
1035 2381 1105 2446 loco
1128 2379 1222 2446 solito
1245 2380 1304 2447 sed

154 2485 284 2552 vicatim
305 2501 364 2567 per
386 2480 530 2548 dominos
552 2481 726 2548 insularum
745 2481 819 2564 egit,
842 2486 939 2563 atquc
955 2502 994 2548 ex
1010 2480 1125 2564 viginti
1140 2481 1303 2548 trecentis·

156 2607 218 2670 qne
239 2586 367 2652 milibus
389 2581 613 2667 accipientium
627 2583 818 2650 frumentum
833 2605 851 2650 e
866 2583 994 2668 publico
1011 2583 1055 2650 ad
1070 2590 1197 2651 centum
1213 2581 1302 2664 quin-

156 2688 308 2774 quaginta
328 2683 492 2752 retraxit.“

239 2790 420 2856 Probantur
440 2786 521 2851 haec
535 2784 687 2869 periocha
701 2784 771 2850 Liv.
791 2790 859 2865 115,
882 2803 944 2866 quo
967 2785 1038 2850 loco
1060 2783 1212 2866 legimus:
1235 2805 1303 2861 ,re-

157 2911 286 2959 censum
308 2889 389 2974 cgit,
413 2908 475 2972 quo
498 2905 595 2952 censa
616 2892 689 2952 sunt
711 2887 817 2970 capita
840 2870 962 2969 (Ἠ).

241 2993 310 3059 Hoc
332 2990 372 3055 dc
394 3008 526 3056 recensu
547 2988 762 3054 Mommsenus
783 2986 938 3053 indicavit
960 2987 1044 3054 hunc
1068 2985 1101 3052 in
1122 2984 1304 3070 modum⁴):

156 3097 362 3162 Frumentum
385 3110 456 3157 cum
477 3111 541 3156 non
563 3089 665 3155 solum
688 3109 846 3174 pauperes
864 3109 902 3155 ac
918 3087 1090 3174 proletarii,
1113 3089 1172 3155 sed
1186 3088 1304 3156 civium

156 3199 371 3263 Romanorum
394 3193 585 3275 quicumque
606 3191 639 3256 i'n
661 3191 740 3257 urbe
762 3192 865 3258 Roma
889 3191 1094 3273 habitabant,
1124 3192 1305 3276 acciperent

157 3297 201 3380 (si
216 3292 389 3375 volebant),
413 3294 525 3378 ,plebs
539 3291 764 3358 frumcntaria“
781 3291 919 3372 quodam
934 3290 1029 3356 modo
1044 3289 1202 3372 significat
1217 3291 1304 3356 cives

155 3399 298 3466 urbanos
319 3395 354 3478 (l.
377 3394 451 3480 l.·p.
476 3393 561 3479 187).
605 3395 718 3474 Itaque
739 3411 889 3457 numems
917 3390 1141 3476 accipientium
1166 3391 1303 3457 frumen-

156 3510 224 3568 tum
247 3504 297 3564 est
318 3515 466 3564 numerus
489 3497 614 3564 civium.
651 3494 983 3561 turbulentissimam
1005 3492 1083 3560 belli
1105 3491 1207 3558 civilis
1225 3498 1304 3558 tem·

156 3603 288 3689 poribus
310 3621 383 3666 cum
404 3598 593 3682 magnario
615 3595 778 3662 hominum
800 3597 934 3663 Romam
957 3594 1145 3677 conflueret,
1170 3593 1226 3660 ubi
1248 3593 1306 3660 vili

156 3695 260 3792 pretio
286 3702 460 3782 haberent,
489 3698 576 3781 quod
604 3718 685 3781 opus
711 3704 796 3763 esset
817 3698 860 3764 ad
882 3697 1071 3782 vivendum,
1098 3696 1218 3762 factum
1247 3701 1305 3780 est,

157 3825 361 3836 .....—-———

245 3872 270 3936 1)
287 3869 339 3923 Ed.
357 3867 509 3922 Mommsen
526 3882 552 3934 p.
571 3863 649 3918 LXX
666 3880 689 3919 c.
708 3868 732 3931 8,
752 3869 775 3917 l.

244 3957 270 4021 2)
288 3953 337 4008 Ed.
357 3952 388 4007 0.
405 3952 482 4018 Iahn,
501 3951 577 4020 Lips.
598 3953 672 4016 1853,
689 3965 716 4018 p.
734 3952 775 4004 88.
812 3948 853 4004 cf.
872 3949 953 4013 Boon,
970 3946 1049 4002 Fasti
1066 3961 1138 4001 cens.
1155 3963 1183 4016 p.
1202 3949 1244 4002 26.
1263 3949 1306 4000 30.

244 4040 270 4104 3)
288 4035 343 4090 (lfr.
363 4036 438 4092 (lass.
457 4035 537 4091 Dion.
556 4039 597 4103 48,
615 4038 657 4102 21,
675 4038 700 4088 3.

244 4126 270 4188 4)
288 4121 356 4186 „Die
373 4120 526 4176 romischcn
543 4119 659 4174 'fribus‘
679 4123 738 4184 etc,
756 4117 856 4172 Altona
876 4121 948 4184 1844,
966 4133 993 4186 p.
1013 4119 1060 4169 181
1079 4130 1136 4184 sqq.
