3202 4862
318 366 379 428 330
753 368 885 436 Georgius
903 367 1025 423 Thouret

318 540 415 607 etiarn
438 539 534 608 ceteri
558 541 729 624 scriptores
752 544 785 604 et
805 539 912 606 Latini
935 545 968 606 et
989 538 1120 606 Graeci:
1153 537 1264 604 Livius
1287 537 1468 624 (perioch.),

318 641 508 725 Suetonius,
537 642 667 725 Florus,
689 642 876 724 Eutropius,
905 640 1109 722 Plutarchus,
1132 639 1313 724 Appianus,
1336 640 1469 708 Cassius

317 743 379 810 Dio
402 743 577 811 admodum
600 743 680 808 nihil
702 742 854 826 afferunt,
880 744 965 823 quod
986 764 1049 809 non
1072 763 1112 808 ex
1135 742 1248 808 eodem
1277 744 1364 807 fonte
1392 764 1468 827 pro·

315 844 444 911 fluxerit
469 851 567 929 atque
589 865 630 910 ex
653 843 774 909 eisdem
803 843 965 908 radicibus
993 844 1035 909 sit
1063 847 1188 927 natum,
1211 879 1254 890 -
1275 842 1396 910 seilicet
1423 865 1467 910 ex

316 947 551 1012 commentariis
569 944 724 1011 Caesaris.
762 945 917 1027 Profecto,
941 966 1004 1012 uno
1022 951 1156 1027 excepto
1172 964 1222 1009 res
1237 944 1284 1010 ila
1299 964 1334 1011 se
1350 945 1465 1012 habet!

315 1049 398 1114 Nam
422 1047 552 1113 Cassius
575 1046 637 1112 Dio
661 1066 723 1129 quo
751 1046 821 1112 loco
850 1045 1006 1129 proelium
1029 1051 1140 1112 contra
1160 1045 1357 1112 Ariovistum
1379 1067 1465 1112 com-

315 1149 447 1213 missum
475 1148 641 1231 describit,
672 1146 730 1213 etsi
760 1147 893 1231 singulis
921 1147 954 1212 in
983 1146 1078 1214 rebus
1110 1147 1281 1212 Caesarem
1312 1150 1463 1233 sequitur,

314 1257 421 1317 tamen
443 1249 544 1316 multa
565 1269 650 1315 nova
672 1255 704 1315 et
725 1248 766 1313 de
789 1255 950 1315 armatura
972 1253 1005 1312 et
1019 1247 1060 1314 de
1076 1248 1305 1314 Germanorum
1319 1269 1465 1334 pugnan-

315 1351 348 1416 di
369 1351 492 1417 ratione
518 1350 632 1434 habet,
664 1369 746 1433 quae
769 1351 801 1414 iu
823 1351 1058 1417 commentariis
1081 1350 1315 1433 desiderantur,
1338 1358 1374 1417 ut
1394 1373 1464 1418 sus-

314 1453 398 1538 picio
420 1458 586 1518 moveatur
603 1451 739 1517 Diouem
763 1451 898 1518 diversis
920 1453 1102 1518 auctoribus
1125 1472 1196 1518 esse
1218 1472 1310 1517 usum
1336 1454 1463 1536 (111138

314 1558 355 1618 49
371 1558 403 1620 et
419 1551 484 1637 50).
521 1551 722 1633 Quamquam
745 1552 905 1619 existimet
926 1553 1043 1637 aliquis
1065 1553 1201 1620 Dionem
1223 1553 1305 1620 haec
1327 1561 1359 1620 et
1384 1558 1464 1623 talia

313 1654 415 1739 ipsius
438 1653 589 1720 scientiae
612 1673 716 1719 rerum
739 1673 809 1719 cum
832 1653 1016 1720 militarium
1038 1659 1104 1720 tum
1128 1655 1387 1722 Germanicarum
1407 1656 1462 1724 de·

314 1757 399 1822 bere.
425 1755 558 1837 'Neque
573 1775 648 1821 vcro
664 1755 732 1820 veri
754 1754 858 1821 simile
879 1755 941 1821 hoc
962 1755 1041 1820 mihi
1063 1755 1190 1822 videtur
1216 1776 1296 1839 esse,
1320 1758 1407 1840 quod
1430 1766 1464 1825 et

313 1875 421 1941 pugna
442 1861 532 1921 tanta
553 1856 688 1922 veritate
718 1864 814 1938 atque
844 1857 1071 1942 perspicuitate
1092 1856 1281 1942 depingitur,
1304 1866 1339 1924 ut
1360 1859 1461 1926 homi-

313 1977 388 2025 uem
416 1957 528 2025 audire
556 1957 649 2023 nobis
671 1956 853 2042 videamur,
883 1959 938 2042 qui
965 1958 1012 2024 illi
1042 1959 1164 2042 proelio
1186 1958 1372 2048 interfuerit.
1417 1961 1463 2026 Ut

313 2061 360 2126 ita
381 2060 433 2143 sit,
455 2066 562 2126 tamen
586 2059 682 2125 valde
704 2067 833 2143 erraret,
855 2059 884 2125 si
907 2060 977 2142 quis
1002 2059 1166 2142 gauderet,
1190 2059 1275 2143 quod
1296 2063 1461 2128 inventam

314 2162 504 2227 haberemus
534 2160 831 2228 commentationem
861 2161 1022 2243 quandam
1056 2159 1097 2224 de
1125 2160 1219 2227 bellis
1248 2162 1381 2230 Gallicis
1414 2164 1460 2230 di-

312 2282 439 2328 versam
462 2283 482 2327 a
505 2260 660 2328 Caesaris.
697 2263 780 2327 Nam
803 2260 925 2345 omnia,
950 2280 1032 2343 quae
1055 2261 1141 2346 apud
1164 2263 1301 2328 Dionem
1324 2284 1462 2348 sequun-

312 2369 377 2450 tur,
406 2363 440 2430 in
465 2363 701 2431 commentariis
724 2363 871 2429 Caesaris
900 2382 970 2428 esse
999 2363 1132 2429 fundata
1160 2365 1319 2430 neminem
1349 2367 1460 2449 fugiet.

310 2466 555 2546 Quamobrem
577 2465 700 2547 opinari
721 2464 805 2546 lieet,
829 2464 989 2548 proprium
1011 2464 1155 2531 libellum
1178 2465 1337 2546 quendam
1360 2469 1461 2535 fuisse

312 2567 524 2650 conscriptum
549 2563 589 2630 de
611 2584 719 2648 pugna
740 2565 799 2630 illa
819 2564 950 2630 immani
965 2565 1258 2651 cruentissimaque,
1280 2567 1363 2634 sicut
1384 2571 1458 2636 titu-

312 2670 378 2735 lum
401 2666 504 2733 libelli
518 2666 675 2748 nouimus,
695 2685 788 2749 quem
802 2667 1035 2734 Aurunculeius
1052 2667 1145 2733 Cotta
1159 2668 1285 2752 legatus
1301 2668 1459 2752 Caesaris,

311 2769 351 2836 de
373 2771 475 2836 altera
496 2767 702 2854 expeditione
723 2768 756 2834 in
778 2769 975 2835 Britanniam
997 2768 1177 2853 confecit1).

396 2869 503 2938 'lestis
525 2874 748 2954 spectatorque
769 2870 884 2956 proelii
904 2871 991 2936 illius
1010 2870 1139 2937 Asinius
1157 2870 1262 2938 Pollio
1284 2870 1382 2939 fuisse
1403 2892 1457 2936 ne-

311 2973 394 3056 quit,
424 2979 490 3038 tum
513 2972 568 3037 ille
591 2970 722 3054 quidem
743 2992 843 3038 annos
865 2973 921 3038 vix
944 2970 1163 3053 duodeviginti
1184 2973 1330 3056 natus²);
1360 2981 1458 3055 atque

310 3075 436 3139 omnino
462 3070 548 3155 apud
574 3069 745 3137 Caesarem
773 3072 806 3135 in
832 3071 939 3138 Gallia
966 3092 1030 3137 non
1054 3080 1199 3138 versatus
1225 3071 1455 3140 videturesse.

310 3173 498 3240 Thorbecke
527 3172 656 3255 quidem
685 3171 777 3238 nobis
799 3172 991 3256 persuadere
1013 3173 1082 3238 vult
1103 3174 1248 3240 Asinium
1270 3180 1344 3259 post
1364 3194 1456 3240 accu-

309 3280 413 3340 satum
437 3273 470 3340 C.
494 3272 647 3339 Catonem
671 3278 712 3350 (a.
737 3277 797 3338 700
822 3293 849 3338 a.
873 3272 917 3357 u.)
942 3275 976 3340 in
998 3274 1138 3341 Galliam
1161 3274 1204 3341 ad
1227 3275 1398 3342 Caesarem
1421 3295 1457 3342 se

309 3377 488 3443 contulisse.
535 3373 601 3440 Sed
628 3375 764 3460 primum
792 3374 915 3458 nescio,
939 3374 1097 3456 quomodo
1125 3375 1154 3442 is
1177 3376 1307 3443 Caesari
1328 3378 1457 3461 placere

308 3479 455 3563 potuerit,
478 3478 532 3559 qui
555 3476 589 3542 C.
606 3477 758 3543 Catonem
780 3477 901 3542 socium
923 3475 1069 3542 intimum
1092 3478 1133 3542 hl.
1151 3477 1257 3543 Crassi
1279 3486 1376 3562 atque
1399 3477 1455 3543 ad-

307 3578 523 3662 ministrum³)
544 3577 577 3643 in
600 3579 718 3644 odmen
740 3585 879 3645 vocarat.
924 3577 1049 3645 Deinde
1071 3579 1261 3646 Thorbeche
1286 3580 1455 3665 epistulam

309 3680 470 3765 quandam
499 3679 541 3746 ab
562 3680 674 3745 Asinio
704 3678 746 3745 ad
769 3677 954 3744 Ciceronem
982 3681 1132 3764 scriptam
1162 3679 1216 3758 (ad
1237 3683 1311 3747 fam.
1334 3681 1366 3746 X
1389 3680 1455 3764 31),

395 3933 419 3996 1)
436 3930 583 3985 Athen.VI
600 3947 626 3998 p.
647 3933 710 3997 2733
728 3927 777 3984 cfr.
796 3930 952 3997 Buecheler,
971 3930 1005 3984 N.
1023 3930 1117 3984 Jahrb.
1130 3928 1150 3983 f.
1164 3931 1196 3984 cl.
1210 3930 1278 3985 Phil.
1295 3936 1339 3986 111
1354 3949 1382 4000 p.
1397 3936 1454 3987 136.

392 4019 418 4080 t)
437 4014 525 4068 Natus
544 4021 586 4069 est
602 4014 650 4068 As.
669 4013 699 4066 P.
718 4028 742 4068 a.
761 4018 810 4068 619
828 4029 853 4068 a.
872 4031 898 4068 u.
917 4013 965 4069 cir.
978 4015 1120 4070 Drumaun
1136 4013 1164 4067 Il
1180 4031 1207 4083 p.
1222 4019 1237 4070 2
1254 4019 1310 4070 not.
1329 4021 1345 4071 4
1363 4021 1390 4070 et
1411 4020 1452 4072 18.

393 4103 418 4166 3)
437 4099 491 4154 Clr.
511 4099 545 4152 ad
563 4097 593 4166 Q.
612 4099 657 4154 Fr.
675 4098 702 4151 11
720 4103 735 4154 3
753 4099 814 4153 coll.
832 4098 867 4153 ad
884 4099 948 4154 fam.
966 4099 979 4151 Ι
997 4104 1020 4152 5.
1391 4107 1393 4110 ·
