3202 4862
4 4149 14 4235 l

366 377 399 432 de
417 376 557 438 Cicerone,
575 373 670 429 Asinio
688 373 818 440 Pollione,
838 372 905 428 Caio
925 372 1022 444 Oppio.
1106 341 1111 349 .
1211 371 1272 433 313

124 551 224 618 verba
240 547 323 632 (Cat.
335 550 368 616 11
381 554 409 632 7,
424 553 462 612 14
475 546 561 633 sqq.)
577 545 750 611 declarant.
776 544 911 629 Deinde,
926 546 960 620 id
972 547 1057 629 quod
1068 549 1155 615 solus
1167 557 1275 616 narrat

125 654 165 732 (c.
182 655 232 734 32,
252 649 364 733 1-2),
391 648 578 732 Catilinam,
600 653 781 714 accusatum
804 646 845 712 de
866 648 899 713 vi
922 654 1048 734 propter
1068 651 1212 717 nuntium
1234 652 1274 719 de

125 753 282 820 seditione
304 751 418 817 Manlii
438 751 587 832 allatum,
616 748 753 832 primum
775 747 935 831 Ciceroni,
965 755 1048 834 tum,
1077 771 1149 818 cum
1172 755 1213 820 ab
1236 775 1274 821 eo

125 855 313 941 repudiatus
342 859 441 935 esset,
471 851 602 918 Metello
629 869 664 916 se
694 848 935 917 custodiendum
965 853 1135 937 obtulisse,
1165 855 1274 922 Cicero

126 956 315 1041 comprobat
343 955 425 1037 (Cat.
447 954 464 1019 I
487 953 637 1037 8,19)1).
681 952 829 1033 Denique
850 952 957 1018 nescio
980 973 1022 1018 an
1043 960 1130 1022 recte
1152 954 1275 1024 intelle-

125 1078 199 1141 gam
223 1077 361 1124 errorem
386 1055 509 1138 Dionis,
532 1054 573 1120 de
595 1071 658 1135 quo
680 1073 777 1136 supra
799 1051 844 1138 (p.
861 1054 937 1137 310)
960 1057 1021 1140 egi,
1044 1078 1084 1124 ex
1106 1059 1176 1126 loco
1199 1080 1274 1144 quo-

127 1159 201 1225 dam
224 1159 385 1225 Ciceronis
406 1163 516 1222 natum
539 1173 620 1222 esse.
664 1155 745 1220 Dico
771 1155 829 1220 illa
850 1157 951 1221 verba
972 1156 1147 1245 (α.33,1);

230 1262 435 1346 μεταστῆναι
456 1251 475 1343 ἡ
498 1260 654 1342 γερουσία
676 1251 734 1320 τὸν
755 1256 939 1322 Κατιλίναν
962 1254 1165 1346 ἐψηφίσατο.

125 1369 239 1451 Neque
261 1364 344 1430 enim
367 1360 455 1445 apud
477 1377 669 1441 quemquam
690 1356 812 1424 invenit
832 1358 1027 1444 nonnionem,
1051 1359 1083 1426 S.
1100 1361 1134 1428 C.
1157 1364 1275 1431 lactum

127 1488 207 1550 esse,
231 1472 266 1532 ut
287 1464 425 1531 Catilina
447 1460 487 1528 dc
506 1461 583 1526 urbe
606 1459 779 1526 secederet.
824 1459 937 1541 Itaque
962 1463 1031 1528 veri
1058 1462 1162 1530 simile
1184 1466 1275 1550 duco,

128 1589 200 1637 eum
222 1587 263 1634 ax
284 1565 392 1632 verbis
414 1562 575 1630 Ciceronis
604 1559 688 1645 (Cat.
711 1559 881 1646 116,12):
914 1567 969 1637 ,at
996 1563 1094 1629 etiam
1121 1573 1194 1632 sunt
1222 1568 1277 1648 qui

128 1671 244 1755 dicant,
267 1669 416 1748 Quirites,
438 1687 458 1731 a
480 1685 531 1730 me
545 1665 578 1729 in
601 1663 768 1730 exilium
790 1663 926 1730 eiectum
941 1683 1012 1731 esse
1028 1665 1198 1733 Catilinam
1214 1675 1276 1715 -“

127 1771 337 1847 conclusisse,
358 1787 473 1834 revera
492 1772 622 1833 senatus
645 1767 823 1832 consultum
845 1767 877 1830 in
900 1785 972 1832 eam
994 1769 1183 1834 sententiam
1206 1791 1277 1838 esse

127 1879 255 1942 lactum.
289 1873 436 1951 Dionem,
460 1870 577 1952 quippe
593 1866 647 1948 qui
661 1885 759 1951 saepe
774 1866 868 1930 nimis
882 1868 983 1931 multa
1005 1867 1094 1952 sciat,
1118 1869 1178 1937 hac
1201 1892 1277 1954 quo·
1382 1950 1385 1956 1

130 1995 191 2058 quo
212 1976 246 2039 in
269 1994 303 2040 re
325 1975 509 2056 peracutum
531 1968 635 2034 videri
656 1967 814 2049 voluisse,
837 1967 908 2049 quis
930 1974 980 2034 est
1001 1970 1077 2051 quin
1099 1973 1277 2039 concedat?

216 2074 280 2140 Sed
296 2080 331 2138 ut
344 2071 474 2137 tandem
489 2069 664 2151 aliquando
679 2068 722 2134 ad
741 2069 774 2134 id
802 2070 888 2150 quod
909 2069 988 2136 mihi
1009 2073 1206 2156 propositum
1228 2083 1278 2142 est

130 2174 326 2263 progrediar,
337 2171 514 2239 Heerenius
526 2170 605 2252 (vid.
622 2190 691 2253 sup.
704 2193 734 2256 p.
747 2171 824 2253 307)
840 2170 1001 2238 Ciceronis
1017 2177 1277 2242 commentarium

129 2281 209 2365 περὶ
239 2271 296 2342 ὑπ.
340 2273 504 2341 Plutarchi
531 2271 651 2338 fontem
673 2272 772 2338 fuisse
795 2271 957 2338 contendit
978 2293 1082 2357 neque
1104 2297 1180 2343 vero
1202 2279 1278 2346 ullis

132 2379 326 2465 argumentis
348 2375 577 2462 comprobavit.
614 2374 683 2440 Nec
696 2375 805 2456 Lagus
827 2372 863 2456 (l.
878 2392 904 2439 s.
921 2373 970 2456 a),
987 2375 1048 2440 etsi
1062 2376 1148 2442 idem
1163 2381 1280 2446 sentire

131 2482 268 2563 videtur,
292 2480 375 2546 hanc
396 2477 617 2563 quaestionem
639 2475 844 2542 examinavit.
889 2477 972 2541 Tum
991 2477 1125 2544 Peterus
1147 2479 1181 2563 (l.
1198 2501 1222 2546 s.
1238 2481 1279 2566 s.)

132 2584 282 2652 Heerenii
294 2580 484 2647 sententiam
495 2580 636 2644 refutare
648 2583 779 2645 conatus
791 2584 849 2657 est,
862 2577 913 2644 cui
925 2575 982 2661 (sc.
995 2579 1124 2664 Petero)
1136 2581 1280 2668 Schliep-

131 2687 238 2754 hacke
260 2681 295 2766 (l.
311 2701 335 2747 s.
351 2701 376 2746 s.
392 2701 422 2765 p.
439 2681 493 2764 30)
514 2680 581 2745 fere
603 2679 722 2761 ubique
743 2680 922 2745 assentitur.
960 2681 1003 2744 At
1019 2679 1280 2752 Weinsaackerus

133 2791 169 2872 (l.
185 2808 210 2855 s.
226 2783 267 2871 s.)
290 2779 481 2850 Heerenium
503 2781 645 2864 perbene
667 2786 777 2846 contra
797 2771 947 2845 Peter'um
970 2780 1121 2847 defendit.
1164 2786 1281 2865 Quam·

135 2910 230 2972 quam
252 2886 348 2967 igitur
371 2882 627 2962 dissertationem
651 2881 719 2946 eius
740 2886 883 2964 repetere
898 2881 982 2962 nolo,
1005 2887 1121 2965 tamem
1143 2905 1183 2952 nc
1198 2885 1281 2952 ullus

134 2989 302 3076 serupulus
323 2986 529 3066 relinquatur,
551 2981 744 3068 gravissima
764 2988 953 3066 argumenta
975 2983 1066 3064 quasi
1084 2986 1170 3053 nuda
1185 2994 1282 3070 atque

135 3113 218 3158 novo
241 3088 337 3156 modo
360 3086 546 3153 confirmata
567 3092 641 3150 ante
663 3085 773 3151 oculos
794 3103 979 3168 proponam.

220 3196 268 3258 Ac
290 3190 425 3275 primum
448 3186 576 3271 quidem
601 3204 776 3267 causarum,
800 3184 915 3266 quihus
936 3187 1069 3253 Peterus
1091 3189 1283 3258 Heerenium

135 3296 311 3377 impugnat,
333 3311 431 3355 unam
452 3290 485 3354 in
508 3288 756 3372 disputationem
777 3307 928 3353 revocare
953 3288 1057 3356 debeo
1070 3289 1105 3373 ²).

221 3391 410 3458 Plutarchus
426 3390 510 3456 enim
525 3397 693 3476 postquam
709 3389 925 3455 narrationem
939 3409 1040 3473 usquc
1054 3391 1097 3456 ad
1107 3391 1189 3475 prid.
1201 3392 1284 3461 Non.

137 3497 215 3563 Dec.
238 3516 267 3561 a.
291 3496 351 3558 691
375 3492 522 3574 protulit,
550 3492 731 3576 prodigium
754 3498 996 3574 commemorat,
1026 3491 1112 3573 quod
1134 3492 1166 3557 in
1189 3493 1284 3560 domo

138 3595 310 3679 Ciceronis,
333 3593 388 3675 qui
408 3595 479 3677 ipse
501 3593 620 3675 aberat,
643 3592 761 3659 accidit
781 3591 859 3674 (Cic.
877 3592 942 3678 20).
978 3593 1123 3678 Virgines
1138 3595 1285 3662 Vestales

138 3697 322 3764 Terentiam
343 3696 455 3762 iubent
476 3696 637 3779 extemplo
654 3693 793 3761 faustum
807 3695 988 3780 prodigium
1003 3695 1116 3761 marito
1130 3698 1285 3765 nuntiare.

228 3866 250 3927 1)
268 3859 350 3916 Falso
374 3861 427 3916 Dio
452 3861 526 3917 hunc
547 3860 687 3916 Metellum
711 3865 893 3931 ,praetorem“
913 3862 1047 3932 appellat3
1069 3861 1150 3917 immo
1174 3864 1286 3919 Marcus

140 3947 247 4018 quidam
264 3945 392 4002 Metellus
410 3951 482 4014 erat,
502 3963 562 4002 cum
580 3946 699 4016 praetori
715 3961 881 4015 praenomen
898 3946 998 4014 Quinto
1016 3950 1099 4016 ess'et3
1122 3945 1169 4001 cfr.
1189 3949 1287 4002 Halm⁸

141 4037 205 4087 ¹8⁷3
222 4049 251 4183 1²13
267 4031 323 4172 Cib.
342 4115 534 4172 Weiasaecker
550 4116 568 4170 l.
586 4129 608 4169 s.
626 4129 647 4168 s.
666 4131 692 4184 p.
711 4119 769 4169 421.
