3202 4862
376 389 410 444 de
429 388 566 454 cicerone,
584 387 678 442 Asinio
697 387 825 452 Pollione,
845 387 910 441 Gaio
930 385 1024 456 Oppio.
1215 382 1275 444 325

129 558 357 647 posterioribus
379 558 539 626 historiois
561 577 732 625 eonversas
753 578 833 642 esse,
862 579 939 624 non
967 559 1149 624 fortasse
1177 556 1277 626 adeo

130 658 1277 743 desiderandaevidentur,quamorationesetoarmino,

130 784 232 848 quae
254 769 342 831 tota
363 763 612 847 perierunt.“
639 761 708 840 Quo
724 761 842 826 fantum
859 768 917 844 est,
940 765 975 828 ut
990 760 1194 828 diffioultates
1209 768 1276 828 tan·

128 864 292 931 tummodo
315 864 430 930 leviter
451 862 651 945 attingerent.
682 863 773 942 Quae
795 881 866 928 oum
888 861 935 928 ita
952 863 1025 947 sint,
1048 868 1117 930 tota
1133 865 1277 948 quaestio

128 965 375 1050 redintegranda
397 964 475 1030 mihi
500 971 557 1029 est.

215 1068 308 1134 Solus
332 1064 447 1132 Suidas
478 1065 518 1131 de
544 1064 763 1148 magnitudine
786 1064 890 1150 operis
911 1064 1033 1147 illium)
1056 1066 1179 1148 aliquid
1201 1069 1279 1134 oerti

128 1171 230 1238 docet.
275 1169 306 1236 S.
328 1191 359 1235 v.
385 1159 532 1241 Ἀσίνιος
554 1165 636 1231 haeo
657 1165 752 1232 affert
773 1164 903 1248 (Bemh.
925 1167 942 1230 Ι
963 1187 993 1252 p.
1016 1166 1108 1252 786):
1132 1161 1279 1246 Ἀσίνιος

128 1273 282 1350 Πωλίων,
305 1275 469 1351 ,Ρωμαῖος
503 1261 664 1353 Ἱστορίας
680 1261 863 1349 Ῥωμαικὰς
884 1265 1058 1343 συνέταξεν
1081 1264 1114 1332 ἐν
1134 1271 1279 1352 βιβλίοις

129 1374 184 1454 ιζ’.
216 1365 313 1448 οὗτος
328 1372 463 1456 πρῶτος
474 1362 660 1456 Ἑλληνικὴν
677 1362 1022 1455 λστορίανῬωμαικως
1038 1368 1278 1455 συνεγράψατο.

127 1513 170 1523 -
193 1475 225 1543 S.
248 1496 279 1541 v.
302 1472 448 1537 Πωλίων
477 1475 584 1536 autem
609 1471 655 1536 ita
683 1469 760 1536 dicit
789 1469 875 1552 (112
898 1489 929 1554 p.
953 1470 1046 1554 387):
1076 1472 1231 1552 Πωλίων,
1259 1467 1276 1538 ὁ

127 1571 274 1652 Ἀσίνιος
285 1576 501 1661 χρηματίσας,
517 1568 730 1657 Τραλλιανός,
743 1568 907 1659 σοφιστὴς
921 1571 977 1636 καὶ
993 1569 1192 1660 φιλόσοφος.
1221 1595 1278 1640 σο-

128 1676 311 1766 φιστεύσας
334 1671 367 1739 ἐν
377 1667 483 1758 Ῥώμῃ
508 1669 566 1736 ἐπὶ
580 1677 764 1760 Πομπηίου
779 1675 838 1738 τοῦ
852 1671 996 1758 μεγάλου
1011 1675 1067 1739 καὶ
1083 1672 1278 1757 διαδεξάμε-

128 1803 183 1858 νος
198 1777 256 1867 τὴν
272 1773 390 1863 σχολὴν
410 1783 441 1840 Τ
439 1777 623 1859 ιμανένους·
661 1771 805 1860 ἐμραψεν
825 1771 988 1862 ἐπιτομὴν
1010 1777 1068 1863 τῆς
1092 1775 1277 1863 Φιλοχόρου

126 1875 293 1959 Ἀτθίδος,
305 1872 648 1964 Ἀπομνημονεύματα
664 1879 868 1942 Μουσωνίου
884 1878 943 1940 τοῦ
958 1874 1159 1962 φιλοσόφου.
1185 1871 1278 1945 Ἐπι-

127 1981 232 2070 τομὴν
253 1983 319 2046 τῶν
341 1977 536 2066 Διοφάνους
552 1980 744 2063 Γεωργικῶν
767 1973 801 2042 ἐν
821 1977 967 2060 βιβλίοις
987 1982 1010 2061 β
1018 1976 1037 2042 ’.
1075 1975 1168 2064 Πρὸς
1187 1972 1278 2065 Ἀρι-

130 2085 285 2170 στοτέλην
308 2082 387 2167 περὶ
409 2079 500 2166 ζηίων
521 2080 637 2163 βιβλία
661 2083 682 2144 ί.
720 2079 808 2164 Περὶ
828 2081 887 2144 τοῦ
905 2077 1068 2165 ἐμφυλίου
1085 2081 1143 2167 τῆς
1152 2074 1278 2168 Ῥώμης

106 2186 294 2267 πολέμου,
317 2181 355 2248 ὂν
378 2179 587 2268 ἐπολέμησαν
610 2177 744 2264 ,Καῖσάρ
766 2181 879 2246 τεκαὶ
901 2178 1093 2267 Πομπήιος.

212 2286 319 2367 Atque
342 2284 479 2369 primum
502 2282 631 2364 quidem
655 2281 754 2348 verba
774 2281 847 2366 ipsa
875 2283 989 2349 docent
1016 2283 1106 2349 illum
1132 2284 1277 2350 Asinium

127 2390 320 2472 Romanum,
350 2385 433 2451 huno
455 2383 613 2450 Graeo'um
640 2382 801 2464 quendam
827 2403 907 2450 esse.
953 2384 1067 2466 Itaque
1089 2384 1117 2450 si
1139 2385 1276 2468 Eyssen-

127 2489 270 2555 hardtius
302 2486 412 2552 statuit
445 2484 706 2568 oontendttqu02)
735 2485 838 2552 Asinii
868 2485 1022 2553 Pollionis
1051 2486 1136 2566 eius,
1172 2485 1227 2568 qui
1256 2507 1277 2552 a

128 2591 266 2657 Caesare
287 2593 394 2672 stara,
417 2587 568 2653 historias
590 2591 713 2670 septem
736 2592 768 2654 et
790 2586 900 2654 deoem
915 2587 1014 2654 libros
1029 2587 1191 2670 hahuisse,
1213 2608 1275 2653 non

128 2698 185 2774 est,
209 2710 264 2756 our
286 2690 430 2755 abnuam.
476 2688 541 2756 Sed
563 2687 738 2754 Teuffelius
761 2687 947 2772 admonet3)
968 2689 1162 2773 fragmenta,
1192 2708 1275 2771 quae

128 2789 287 2877 supersint
301 2791 341 2858 de
357 2790 459 2856 Asinii
473 2789 572 2872 libris,
594 2794 717 2873 septem
731 2789 817 2855 solos
833 2809 931 2856 annos
947 2788 990 2871 (a.
1009 2794 1174 2854 tot-711
1192 2808 1222 2855 u.
1239 2794 1278 2866 o.)

127 2892 295 2976 respicere.
339 2893 409 2956 Huo
431 2890 571 2972 accedit,
601 2888 702 2973 quod,
732 2889 760 2954 si
783 2889 980 2972 quaerimus,
1003 2896 1080 2973 quot
1101 2888 1175 2955 libri
1198 2889 1276 2956 editi

127 2994 205 3077 sint,
234 3013 314 3060 unus
337 2993 483 3060 Valerius
505 2990 665 3057 Maximus
687 2991 814 3057 tertium
842 2990 958 3058 librum
988 2991 1108 3058 editum
1138 3013 1274 3061 comme·

126 3103 229 3161 morat
250 3095 338 3177 (VIII
363 3098 400 3158 13
424 3099 487 3159 ext.
512 3093 552 3175 4).
597 3092 719 3171 Quibus
749 3093 789 3159 de
814 3094 918 3159 nausis
941 3093 1117 3162 Teuffelius
1144 3095 1275 3162 alterius

126 3195 239 3280 eapitis
261 3197 377 3262 verba:
403 3193 573 3278 (Πωλίων,
597 3188 773 3272 ὁΆσίνιος
792 3195 1012 3283 χρηματίσας)
1035 3246 1042 3260 .
1067 3246 1074 3260 .
1099 3246 1106 3262 .
1131 3193 1275 3282 ἐγραψεν

127 3348 134 3362 .
160 3347 167 3360 .
192 3347 199 3360 .
223 3297 380 3382 περὶτοῦ
403 3292 566 3382 ἐμφυλίου
588 3299 646 3385 τῆς
663 3292 789 3384 Ῥώμης
812 3298 979 3378 πολέμου,
1004 3293 1043 3360 ὂν
1064 3293 1275 3384 ἐπολέμησαν

124 3395 260 3484 Καῖσάρ
283 3421 318 3462 τε
340 3400 395 3463 καὶ
417 3395 600 3486 Πομπήιος
622 3399 665 3464 ad
688 3397 834 3464 Caesaris
856 3395 993 3462 amioum
1014 3396 1182 3462 referenda
1204 3417 1275 3464 esse

125 3499 297 3566 existimat.
341 3501 424 3566 Nam
447 3502 566 3567 bellum
588 3503 671 3568 inter
693 3501 864 3567 Caesarem
886 3504 918 3564 et
940 3497 1127 3581 Pompeium
1149 3504 1275 3581 gestum

123 3620 297 3684 summam,
325 3608 361 3667 ut
389 3602 435 3666 ita
463 3601 585 3686 diuam,
615 3602 819 3669 historiarum
841 3599 943 3666 Asinii
969 3599 1066 3666 fuisse
1103 3619 1143 3665 ex
1171 3601 1273 3686 primo

213 3789 236 3847 1)
254 3783 331 3852 Quod
351 3783 509 3848 „historias“
528 3788 628 3840 vocant
645 3785 748 3840 Seneca
766 3799 838 3839 suas.
857 3783 909 3837 VII
928 3782 969 3838 ed.
989 3781 1048 3850 Bip.
1067 3799 1095 3852 p.
1115 3787 1161 3838 38:
1187 3785 1273 3840 Pollio

122 3867 151 3921 iu
169 3867 289 3922 historiis
308 3869 364 3922 suis
382 3868 442 3932 (cfr.
461 3869 499 3924 ib.
518 3887 544 3939 p.
564 3875 607 3936 4³)
626 3874 652 3924 et
669 3869 729 3925 Val.
749 3870 884 3924 Maximus
903 3867 968 3924 v111
992 3872 1021 3921 13
1040 3873 1093 3922 ext.
1112 3874 1136 3924 4.

210 3956 235 4017 2)
253 3951 286 4008 N.
305 3951 400 4008 Jahrb.
419 3954 464 4009 tttr
482 3955 515 4008 ol.
534 3953 603 4008 Phil.
621 3958 666 4021 st,
688 3959 765 4019 1862,
790 3969 817 4022 p.
837 3958 896 4008 tos.
932 3952 964 4006 In
982 3952 1095 4007 eandem
1112 3955 1274 4008 sententiam

121 4035 227 4091 iudicat
244 4035 352 4106 Sauppe
371 4037 499 4094 Schweia.
519 4038 589 4094 Mus.
608 4039 621 4092 1
638 4055 664 4108 p.
686 4041 776 4107 142ί43
793 4037 822 4092 in
839 4037 1027 4092 mssouotione
1045 4035 1155 4092 doVell.
1166 4038 1274 4093 Patere.

210 4125 235 4186 3)
253 4120 285 4175 R.
304 4121 357 4177 L.³
372 4138 400 4191 p.
419 4128 477 4189 449,
496 4127 520 4178 3.
