3202 4862
1 4142 13 4214 l

401 365 433 420 de
452 365 589 432 Cicerone,
607 364 702 420 Asinio
720 365 850 432 Pollione,
870 364 938 421 Gaio
957 365 1053 436 Oppio.
1217 381 1219 386 ’
1240 363 1300 424 345

239 536 305 604 Sed
327 543 396 603 tota
418 556 469 603 res
494 536 527 601 in
550 534 682 602 dubium
703 541 879 604 revocatur.
916 538 995 604 (lum
1018 537 1103 604 enim
1125 542 1158 603 et
1179 538 1301 604 Plutar-

150 642 230 707 chus
253 645 286 706 et
300 638 467 723 Appianas
488 637 522 702 in
543 637 665 722 proelio
680 637 880 722 Philippensi
898 637 1011 705 codem
1027 639 1216 707 narrationis
1230 641 1301 707 loco

150 740 451 809 commentariorum
465 738 603 822 Augusti
618 738 812 805 mentionem
827 739 946 808 faciant
959 742 994 825 ¹),
1015 742 1078 824 lex,
1095 761 1190 824 quam
1205 762 1302 826 supra

150 843 196 928 (p.
214 842 291 927 333)
313 841 417 926 posui,
440 845 528 906 vetat
549 860 607 907 nos
622 841 806 908 existimare
821 842 1001 927 Appianum
1018 843 1124 926 ipsum
1144 863 1300 910 commen-

149 946 250 1012 tarios
271 943 459 1028 inspexisse.

239 1044 327 1112 Satis
356 1045 462 1110 habeo
492 1041 714 1109 difficultatem
747 1051 915 1112 ostentare.
966 1045 1177 1127 Quaestiones
1207 1044 1301 1129 enim,

152 1168 237 1232 quac
259 1167 341 1213 nunc
364 1145 530 1228 exsistunt,
554 1145 614 1210 hoo
636 1145 707 1211 loco
729 1145 898 1214 absolvere
920 1166 1024 1228 neque
1045 1167 1175 1231 possum
1197 1166 1302 1228 neque

150 1251 266 1331 debeo,
288 1248 450 1331 quianon
478 1267 549 1312 cum
571 1246 720 1331 Appiano
742 1268 800 1315 nec
820 1247 993 1316 Plutarcho
1014 1248 1073 1315 sed
1095 1269 1166 1314 cum
1189 1249 1300 1315 Asinio

149 1353 297 1419 Pollione
319 1350 398 1417 mihi
420 1369 471 1416 res
494 1353 551 1415 est.

238 1455 381 1538 Apparet
403 1455 509 1517 eutem
532 1449 611 1516 satis
634 1470 793 1536 superque
815 1458 964 1518 neutrum
989 1471 1099 1518 eorum
1116 1450 1302 1518 satisfacere

151 1554 378 1638 quaerentibus
404 1552 514 1636 nobis,
544 1552 587 1618 ad
610 1572 704 1635 quem
726 1573 827 1635 usque
849 1574 966 1619 annum
989 1552 1150 1637 scripserit
1171 1553 1301 1619 Asinius

149 1655 256 1724 Pollio
266 1657 309 1738 2);
330 1655 440 1737 itaque
455 1675 518 1720 non
534 1659 591 1738 est,
607 1676 663 1721 our
677 1655 907 1736 existimemus,
926 1675 998 1721 eum
1014 1675 1131 1721 annum
1146 1660 1208 1719 712
1225 1675 1254 1721 a.
1269 1676 1300 1721 u.

150 1756 319 1825 scribendo
342 1756 529 1823 excessisse.

237 1859 353 1925 Verum
389 1863 457 1924 tota
493 1856 654 1924 scribendi
686 1858 767 1926 ratio
796 1858 960 1925 Plutarchi
994 1862 1026 1924 et
1055 1856 1193 1942 Appiani
1226 1864 1302 1926 ante

150 1960 262 2028 oculos
285 1965 439 2026 versatur.
487 1961 642 2044 Uterque,
673 1960 865 2042 ubicumque
892 1965 1016 2044 potest,
1046 1960 1186 2025 Graecos
1211 1960 1302 2045 eligit

149 2070 313 2145 auctores,
338 2081 417 2145 quos
439 2067 598 2143 sequatur.
636 2062 708 2127 Non
731 2083 846 2147 negem
867 2060 1050 2146 Appianum
1071 2060 1300 2145 posterioribus

150 2162 243 2229 libris
265 2163 463 2245 aliquantum
487 2183 527 2229 cx
548 2163 619 2247 ipso
634 2164 745 2230 Asinio
768 2162 929 2229 hausisse:
952 2184 990 2230 co
1010 2163 1113 2246 magis
1128 2163 1301 2229 tenendum

151 2272 214 2347 est,
238 2283 311 2329 eum
333 2264 475 2332 secundo
497 2264 579 2330 libro
601 2265 755 2331 Pollionis
777 2264 927 2330 historias
949 2266 1125 2348 sprevisse,
1149 2264 1244 2349 quod,
1267 2271 1302 2330 ut

152 2367 280 2451 opinor,
308 2365 434 2432 facilius
457 2366 487 2432 ei
509 2372 577 2433 erat
599 2365 715 2432 Graeci
738 2367 871 2433 alicuius
895 2365 1058 2451 scriptoris
1080 2366 1225 2431 libellum
1248 2387 1301 2432 ex-

153 2469 293 2535 scribere
316 2487 412 2550 quam
428 2466 532 2532 Asinii
554 2487 594 2534 ex
614 2467 755 2534 historiis
771 2488 953 2554 excerpere.
990 2467 1179 2534 Plutarchus
1195 2472 1303 2536 autem

151 2592 193 2637 ne
223 2569 311 2636 novit
337 2568 466 2651 quidem
487 2569 642 2636 Pollionis
671 2571 820 2637 historias
849 2576 944 2651 atque
972 2576 1063 2653 putat
1092 2591 1146 2636 eas
1178 2570 1301 2639 Graeco

153 2691 298 2739 sermone
321 2671 514 2755 compositas
537 2690 616 2737 csse.
662 2673 711 2738 En
733 2672 835 2739 habes
856 2677 981 2738 veteres
1004 2671 1181 2738 historicos.

238 2791 454 2872 Postremum,
484 2796 520 2856 ut
548 2789 644 2855 finem
673 2790 870 2872 quaestionis
892 2790 985 2854 huius
1006 2789 1096 2855 initio
1119 2798 1300 2855 annectam:

153 2892 307 2976 probasse
329 2889 409 2954 mihi
431 2891 543 2957 videor
564 2892 662 2957 luisse
684 2891 830 2956 libellum
845 2890 967 2956 Graece
983 2889 1134 2974 scriptum
1153 2889 1193 2956 de
1216 2890 1301 2959 bello

153 2992 240 3058 civili
255 2992 339 3058 inter
351 2991 522 3058 Gaesarem
538 3000 571 3059 ct
585 2992 772 3077 Pompeium
787 2999 888 3075 gesto,
905 2996 1090 3074 excerptum
1106 3012 1146 3058 ex
1161 2993 1302 3060 historiis

151 3094 257 3159 Asinii
277 3093 441 3159 Pollionis.
487 3093 584 3159 Ouios
612 3094 740 3180 titulus,
770 3101 924 3179 quantum
946 3115 1084 3179 auguror
1112 3095 1303 3180 coniectura,

243 3347 266 3408 1)
284 3344 398 3412 Appiam.
417 3343 443 3397 ΙΙ
463 3349 511 3399 110
530 3351 608 3400 extu:
635 3343 743 3398 ...τὸ
766 3339 956 3412 στρατόπεδον
980 3343 1089 3406 ἐξεῖλον,
1114 3340 1131 3398 3
1153 3343 1246 3398 κοινὸν
1269 3337 1302 3413 ἦν

149 3426 292 3494 Ἀντωνίῳ
316 3449 346 3480 τε
367 3433 413 3481 καὶ
431 3434 564 3503 Καίσαρι,
589 3435 726 3501 Καίσαρος
743 3425 827 3482 αὐτοῦ
844 3422 884 3478 δι’
906 3424 1036 3480 ἐνύπνιον
1053 3426 1135 3480 tuboe
1151 3426 1199 3482 οὐκ
1217 3429 1302 3497 ὄντος,

151 3509 220 3566 ciffi
232 3510 421 3584 φυλαξαμένου
433 3512 484 3581 τὴν
496 3508 605 3587 ἡμέραν,
624 3510 665 3567 ur‘s
683 3509 780 3567 αὐτὸς
797 3516 833 3565 ἐν
851 3517 920 3565 τοῖς
940 3507 1187 3582 ὑπομνήμασιν
1204 3517 1301 3588 ἔγρα-

153 3615 222 3668 ψεν.
258 3597 330 3652 Plot.
348 3599 412 3652 Ant.
432 3603 473 3667 22,
494 3603 522 3652 2:
543 3594 583 3652 ὠς
601 3595 636 3651 δὲ
654 3595 754 3652 αὐτὸς
773 3601 807 3649 ἐν
824 3602 896 3650 τοῖς
912 3593 1133 3666 ὑπομνήμασι
1150 3603 1303 3672 γέγραφε,

151 3683 211 3734 τῶν
230 3677 320 3752 φίλων
337 3679 412 3735 τινόε
428 3679 497 3754 ὄναρ
516 3680 622 3736 ἰδόντος
639 3679 795 3757 ἀνεχώρησε
812 3679 866 3752 πρὸ
883 3684 930 3747 τῆς
947 3680 1039 3750 μάχης.
1073 3682 1122 3736 cfr.
1141 3684 1242 3738 Brutus
1260 3690 1302 3751 41,

149 3774 243 3836 lsqq.

238 3856 265 3917 2)
282 3850 405 3906 Eandem
427 3853 461 3906 ob
486 3866 597 3906 causam
615 3851 703 3907 Cassii
720 3852 815 3908 Dionis
839 3851 941 3906 nullam
964 3851 1048 3906 habui
1065 3852 1206 3906 rationem.
1241 3854 1304 3909 Etsi

152 3937 223 3991 enim
241 3951 403 4004 persuasum
421 3937 508 3993 habeo
526 3937 640 3991 Dionem
658 3953 764 4006 quoque
778 3939 849 4002 (inde
861 3937 895 3992 ab
909 3953 979 3991 anno
992 3941 1040 3992 695
1055 3954 1079 3990 u.
1095 3953 1117 3990 c.
1129 3935 1175 3990 lib.
1190 3941 1221 3992 38
1235 3944 1303 4006 sqq.)

152 4019 245 4089 aliqua
268 4035 302 4074 ex
325 4025 403 4089 parte
421 4022 508 4077 Asinii
529 4020 650 4076 historiis
674 4037 753 4075 usum
772 4037 845 4088 csse,
870 4028 961 4077 tamen
981 4038 1077 4091 parum
1096 4026 1217 4088 constat,
1243 4039 1303 4077 eum

153 4107 251 4175 quihus
269 4106 337 4160 locis
354 4111 411 4160 tum
429 4107 464 4162 ad
483 4122 560 4176 quem
578 4123 664 4176 usque
682 4123 782 4161 annum
799 4123 865 4162 usus
884 4107 928 4162 sit.
