3202 4862
307 383 372 449 sti
620 437 625 448 ,
690 383 711 428 ἰ
749 383 884 454 Georgius
899 381 1024 440 Phourai
1131 382 1135 388 '

310 555 464 630 ·Plut.
471 553 566 644 itari
583 555 724 645 siriani]
740 560 882 643 Καισαρ
915 553 1058 623 'Oeen
1072 555 1114 620 ll
1132 558 1233 640 nial
1219 556 1314 619 iuvi
1348 554 1466 622 caca

313 663 482 782 ᾄριιάσας
497 659 554 727 τὸν
576 657 700 748 θυρεὸν
722 660 778 724 καὶ
802 659 876 726 δια
947 657 1038 723 uhi
1141 658 1390 727 eimmnssein
1413 663 1464 724 ani

315 765 399 850 σχών
429 762 505 842 τοὶς
535 759 600 850 πρὸ
637 753 739 826 αυτοῦ
772 786 875 844 μαχο·
886 766 1003 846 ¹gusto
1025 757 1107 826 vidit
1135 779 1239 843 neque
1267 759 1368 826 ullum
1399 768 1467 827 mse

313 872 431 953 μένους
447 865 581 951 ἐνέβαλε
602 875 673 940 τοῖς
694 860 878 949 βαρβάροις
903 861 1089 936 subsidium,
1114 861 1200 944 quod
1220 859 1376 929 summitti
1398 877 1466 946 pus-

416 1020 447 1035 ..
472 954 627 1074 αὐᾷιὶς“
606 991 645 1032 αν
669 963 763 1066 δονεῖ·
746 973 878 1049 ιπερι-
901 959 966 1048 set,
989 967 1086 1030 scuto
1118 964 1160 1030 ah
1195 963 1379 1031 novissimis
1415 965 1467 1031 uni

310 1075 483 1159 γενέσθαι.
537 1103 540 1110 ·
903 1015 997 1131 militi
1012 1061 1212 1131 detracto..
1248 1065 1312 1131 in
1333 1063 1467 1176 primani

815 1191 817 1198 ·
902 1167 1005 1233 aciem
1027 1166 1318 1252 procrescens.

312 1299 319 1308 ·
352 1305 354 1315 ·
371 1274 502 1341 mnan
513 1273 572 1340 in:
588 1274 693 1337 ταῦτα
705 1265 723 1356 ἡ
739 1267 877 1390 coyaip
968 1267 1062 1336 Caes
1070 1269 1103 1334 ΙΙ
1113 1274 1165 1353 45
1169 1274 1204 1334 4
1224 1271 1265 1336 oh
1282 1289 1403 1354 easque
1417 1290 1466 1339 res

313 1391 373 1454 τος
391 1371 568 1460 πυθομένη
585 1365 857 1439 ιτεντοιιαίὸινας
838 1396 877 1457 η·
905 1391 946 1438 ex
975 1369 1088 1438 litteris
1111 1320 1257 1438 (talsano
1285 1371 1356 1440 dies
1380 1373 1465 1455 quin-

312 1473 727 1565 ¹prc'oorg'irprprpt'ocrro«iricio
735 1485 807 1549 τοῖς
816 1476 878 1537 θα·
905 1471 1009 1540 decim
1037 1473 1227 1557 supplicatio
1249 1471 1386 1542 dentem
1412 1475 1466 1560 esi,

318 1594 368 1657 οῖς
386 1581 442 1644 καὶ
464 1575 633 1658 σχολάζειν
652 1573 878 1662 ἑορτάζοντας,
905 1573 990 1657 quod
1020 1579 1096 1640 anic
1128 1573 1164 1640 id
1199 1573 1324 1661 tempus
1353 1575 1467 1644 accidit

317 1675 400 1757 ὅσας
411 1673 461 1746 ἔντ’
475 1671 615 1765 οὐδεμιᾷ
623 1681 693 1763 νίκῃ
703 1674 878 1764 πρότερον.
904 1676 995 1742 nulli.
1036 1743 1042 1752 ,

330 1779 332 1789 ⁴
364 1809 366 1814 ’
402 1779 613 1863 herinaciis
635 1776 788 1866 Ubiis'et'
799 1773 984 1846 Tencteris:
1074 1783 1078 1790 '

381 1886 464 1951 Plut.
479 1888 528 1968 22,
545 1885 642 1948 2⁴⁹3:
666 1882 745 1967 περὶ
764 1879 801 1945 δὲ
818 1883 878 1967 τῆς
923 1926 926 1932 ·
969 1877 1059 1946 Otus.
1072 1877 1126 1944 *iv
1147 1883 1194 1962 13,
1211 1885 1245 1947 4:
1272 1877 1334 1946 His
1356 1881 1466 1948 consti-

320 1985 405 2112 ,νεαρὸς
427 1984 564 2063 τούτους
582 2009 669 2070 μενοι
657 1987 756 2069 μένης
773 1981 879 2070 μάχης
904 1982 981 2048 tutis
1002 1981 1097 2048 rebus
1117 2011 1147 2046 .·.
1213 2031 1220 2048 .
1243 1983 1485 2067 opportunissi.

320 2113 411 2173 rac
422 2083 605 2172 Καισαρεν
614 2097 689 2162 ταις
702 2082 881 2173 ἐφημερίσι
906 2079 962 2150 ιιιιιΙ
981 2102 1032 2150 res
1053 2078 1186 2167 accidit,
1210 2081 1295 2166 quod
1317 2085 1469 2170 postridie
1574 2131 1575 2134 ι

318 2196 490 2280 γέγραφεν,
515 2183 560 2264 ὡς
578 2211 611 2286 οι
602 2186 791 2274 βάρβαροι
807 2186 882 2253 δια·
908 2185 977 2251 eius
990 2183 1161 2252 dicimane
1177 2184 1315 2252 eadem
1331 2193 1370 2252 et
1384 2207 1468 2272 pcr-

319 2288 582 2381 πρεσβεοόμενοι
608 2287 694 2376 πρὸς
721 2281 821 2355 αυτὸν
851 2287 884 2354 ἐν
909 2286 1014 2353 fidia
1050 2290 1090 2352 et
1121 2285 1392 2355 simulatione
1424 2289 1471 2356 usi

321 2394 485 2471 σπονδαῖς
504 2391 683 2459 ἐπιθοῖντο
698 2383 775 2456 καθ
794 2387 883 2469 ὁδον,
910 2386 1062 2455 Germani
1085 2388 1341 2470 frequentes..
1363 2390 1471 2456 ..ad

322 2549 328 2562 .
354 2549 360 2562 .
386 2513 398 2561 .·
419 2547 426 2561 .
451 2547 457 2560 .
483 2546 490 2560 .
515 2485 588 2559 εἶτα
602 2498 775 2576 πέμψειαν
796 2490 884 2557 ἑτέ·
911 2508 981 2562 curn
1005 2489 1038 2556 in
1055 2495 1165 2554 castra
1187 2497 1350 2558 venerunt.

322 2620 419 2684 ρους
453 2593 561 2681 πρὸς
594 2588 721 2659 αὐτὸν
760 2579 887 2668 αὖθις
1053 2627 1066 2644 ··
1179 2609 1182 2620 ’

323 2697 503 2776 ἐξαπατῶ
511 2719 614 2777 ντας,
639 2695 695 2774 οὓς
714 2692 888 2777 κατασχών

323 2799 487 2887 ἐπανάγοι
501 2825 529 2865 κ.
542 2823 570 2864 τ.
586 2800 614 2864 λ.

407 2904 521 2987 Locus,
545 2921 639 2985 quern
661 2910 855 3020 postremum
877 2901 979 2983 attuli,
1003 2903 1192 2967 totamrem
1210 2903 1373 2986 patefacit.
1412 2905 1472 2972 Vir
1575 2921 1576 2948 ι

323 3006 407 3073 enirn
431 3003 571 3094 dubitari
589 3009 708 3092 potest,
731 3004 807 3087 quin
821 3002 986 3068 Plutarchi
1006 3002 1064 3068 ille
1085 3003 1197 3070 verba:
1221 2989 1323 3082 αὖθις
1347 2999 1472 3082 ἐξαπα-

313 3108 451 3180 τῶντας
473 3124 515 3170 ex
541 3104 703 3171 Caesaris:
732 3103 922 3180 „eademst
934 3102 1081 3187 perfidia
1100 3110 1132 3172 et
1158 3103 1381 3173 simulatione¹⁴
1403 3129 1471 3209 pro-

311 3205 626 3274 ·fluxeriut:ta1nen
648 3203 868 3270 Plutarchus
859 3223 930 3288 rpse
952 3204 1123 3272 Gaesarem
1145 3226 1208 3273 non
1230 3199 1380 3294 inspexit,
1404 3229 1473 3275 curn

322 3293 498 3395 Appianas
518 3325 580 3373 uno
608 3303 785 3388 eodemque
808 3306 879 3373 loco
900 3303 1092 3372 narrationis
1115 3307 1253 3376 eundem
1275 3309 1384 3378 laudet
1405 3309 1473 3395 (cir.

323 3431 410 3506 supr.
432 3431 463 3495 p.
488 3415 549 3475 350
570 3416 635 3477 not.
659 3395 702 3494 2).
746 3408 853 3487 Quare
875 3407 1095 3495 perspicuum,
1124 3409 1288 3491 utriusque
1314 3417 1475 3479 auctorem

308 3519 365 3580 'ex
388 3511 622 3578 commentariis
643 3530 703 3577 sua
725 3511 932 3594 excerpsisse.
1450 3561 1453 3568 .

310 3647 313 3656 .
411 3614 460 3678 Ac
487 3611 627 3696 proiecto
660 3611 740 3677 nihil
766 3611 842 3678 novi
876 3611 1059 3698 accipimus.
1104 3611 1189 3690 Quid
1218 3613 1303 3680 enim
1331 3614 1428 3681 refert
1454 3636 1477 3680 a

325 3713 497 3781 Plutarcho
526 3718 557 3780 et
583 3712 730 3799 Appiano
762 3711 885 3780 discere
897 3713 936 3797 ¹),
966 3719 1043 3796 quot
1071 3714 1161 3780 milia
1183 3713 1412 3782 Germanorum
1444 3717 1477 3782 in

319 3815 448 3903 proelio
471 3821 580 3882 contra
601 3814 798 3881 Ariovistum
820 3816 988 3882 commisso
1011 3815 1192 3900 ceciderint,
1216 3833 1288 3883 eum
1310 3817 1380 3901 ipsc
1398 3817 1476 3885 an-

416 3969 438 4031 l)
459 3964 531 4020 Plui.
550 3980 572 4019 c.
588 3969 618 4018 it
637 3969 704 4018 extr.
721 3962 846 4038 μυριάδες
864 3948 949 4028 ὀκτώ·
978 3968 1050 4038 App.
1062 3966 1095 4019 fr.
1110 3971 1133 4032 1,
1146 3971 1161 4020 3
1174 3970 1242 4020 extr.
1261 3963 1477 4041 ὀκτακισμύριοι.

327 4049 439 4105 Rectius
458 4049 569 4104 Orosius
579 4047 617 4103 VI
626 4054 650 4117 7,
660 4051 710 4103 389
723 4054 790 4104 extr.
802 4044 917 4106 Havete.
930 4050 1008 4106 dicit:
1024 4064 1127 4120 „neque
1140 4051 1237 4106 coniici
1248 4051 1338 4121 potuit
1350 4067 1477 4107 numerus
1574 4087 1576 4098 -

328 4135 532 4201 Germanorum,
551 4135 591 4189 rel
612 4137 729 4203 quantus
747 4151 852 4205 pugnae
865 4135 990 4204 adiuerit,
1009 4137 1051 4192 rel
1069 4143 1185 4207 quantus
1203 4136 1287 4192 luerit
1298 4131 1475 4193 occisorum.“
1574 4185 1576 4200 ,
