3202 4862
303 365 365 428 342
740 368 872 438 Georgius
889 369 1011 425 Thouret

303 541 411 624 Atque
433 539 579 606 Asinium
601 539 700 606 multo
729 540 859 607 uberius
887 542 1007 608 bellum
1036 540 1131 608 civile
1163 560 1328 608 enarrasse
1357 560 1458 624 quam

304 643 486 729 Appianum
502 663 543 708 ex
558 642 628 727 ipso
650 642 804 709 libromm
825 663 955 710 numero
977 647 1126 728 apparet:
1151 642 1260 725 itaque
1283 643 1311 708 si
1333 643 1456 727 Appia·

303 764 363 812 nus
393 763 465 810 eum
494 743 666 826 contraxit,
700 743 890 810 Plutarchus
918 749 1025 812 autem
1055 764 1127 811 eum
1156 745 1284 812 omniuo
1314 766 1379 812 non
1406 746 1456 812 in·

304 845 421 932 spexit,
443 846 630 912 miraculum
652 845 757 912 videri
778 845 884 928 debet,
908 845 995 929 quod
1016 847 1058 912 ab
1075 851 1209 929 utroque
1224 846 1344 912 bellum
1360 846 1457 915 civile

303 969 407 1035 paene
429 967 531 1030 aeque
553 948 662 1031 ampla
684 946 826 1012 oratione
849 947 1030 1033 expositum
1052 953 1109 1014 est.
1154 948 1277 1027 Quibus
1307 948 1458 1016 omnibus

304 1051 345 1118 de
368 1051 473 1118 causis
495 1049 643 1116 existimo
666 1049 847 1133 Appianum
870 1049 952 1115 libro
974 1050 1114 1117 secundo
1137 1049 1273 1116 eundem
1296 1050 1456 1116 Graccum

304 1157 467 1218 auctorem
490 1158 586 1234 atque
602 1149 807 1242 Plutarchum
830 1156 972 1216 secutum
995 1171 1074 1217 csse.
1111 1151 1201 1230 Quae
1217 1152 1375 1218 sententia
1390 1171 1458 1218 una

304 1275 339 1322 re
361 1254 566 1322 vehementer
587 1252 767 1335 adiuvatur,
790 1272 874 1335 quae
895 1252 1000 1320 adhue
1021 1251 1196 1337 praeterita
1217 1256 1276 1318 est.

390 1355 529 1442 Appiani
550 1354 625 1420 libri
648 1353 777 1422 secundi
801 1353 908 1440 capita
934 1359 1037 1422 8—25
1065 1354 1120 1437 qui
1145 1354 1253 1439 paullo
1280 1353 1383 1420 aerius
1408 1354 1457 1419 in-
1593 1386 1594 1390 =

305 1459 449 1544 spicient,
473 1456 514 1522 de
537 1477 619 1522 anno
643 1460 704 1520 695
727 1476 756 1521 u.
780 1475 805 1522 c.
832 1454 909 1539 (quo
933 1456 1051 1523 Caesar
1073 1457 1182 1524 consul
1203 1454 1292 1539 fuit),
1320 1456 1456 1540 diligen-

305 1568 353 1628 ter
380 1559 485 1642 egisse
510 1557 693 1644 Appianum
721 1575 839 1638 negere
867 1558 1042 1641 nequibunt
1071 1556 1117 1641 (H
1142 1563 1179 1622 10
1202 1557 1295 1644 sqq.).
1340 1557 1459 1625 Omnia

192 1693 194 1698 ·
259 1669 265 1672 “
304 1662 431 1745 reliqua
459 1667 550 1726 tanta
579 1659 712 1728 levitate
734 1680 772 1726 ac
800 1661 1003 1746 neglegentia
1028 1659 1148 1744 scripta
1169 1666 1250 1743 sunt,
1274 1667 1321 1727 tot
1343 1659 1458 1727 tantis·

306 1784 368 1846 que
390 1761 573 1830 redundant
595 1762 762 1844 erroribus,
785 1766 820 1827 ut
834 1761 1001 1847 Appianas
1015 1763 1135 1829 fontem
1157 1781 1249 1828 suum
1266 1761 1458 1830 brevissime

306 1871 403 1949 atquc
435 1865 597 1932 levissime
633 1864 794 1950 expilasse
825 1862 1057 1931 existimandus
1086 1863 1136 1930 sit.
1182 1863 1341 1950 Exempla
1368 1886 1457 1950 pono

306 1969 420 2036 haece:
449 1969 486 2033 B.
509 1987 535 2034 c.
557 1968 589 2032 Π
613 1972 651 2032 15
682 1969 719 2032 A.
742 1965 856 2050 tradit,
890 1963 1061 2032 Caesarem
1088 1966 1199 2043 statim
1221 1987 1262 2032 ex
1288 1967 1458 2034 consulatu

304 2072 338 2138 in
361 2071 500 2138 Galliam
531 2070 707 2152 profectum
729 2087 816 2152 esse,
847 2067 1070 2149 quodfalsum
1092 2071 1150 2135 est.
1174 2103 1214 2114 —
1236 2069 1324 2134 1118
1347 2089 1458 2136 curam

305 2194 451 2241 annonae
478 2169 632 2255 Pompeio
662 2189 691 2235 a.
715 2173 776 2235 699
805 2174 860 2236 aut
888 2172 950 2234 loo
977 2190 1006 2235 u.
1030 2189 1054 2234 c.
1089 2169 1230 2236 delatam
1263 2189 1335 2238 esse
1369 2170 1457 2252 dicit,

306 2296 377 2343 cum
399 2294 513 2341 revera
534 2273 599 2339 iam
613 2293 643 2339 a.
660 2275 720 2337 697
738 2271 815 2338 data
831 2277 916 2338 esset
932 2269 1000 2354 (cfr.
1016 2271 1059 2336 ad
1073 2271 1137 2337 Att.
1153 2271 1198 2336 IV
1216 2276 1242 2355 1,
1260 2279 1287 2338 7.
1325 2273 1457 2341 Cassius

305 2378 369 2445 Dio
393 2380 443 2461 39,
459 2375 503 2462 9).
520 2414 561 2421 —
580 2376 611 2442 11
634 2379 673 2440 23
696 2381 806 2440 narrat
826 2374 885 2438 ita:
909 2372 1080 2457 Pompeius
1102 2375 1214 2439 consul
1239 2373 1308 2441 sine
1330 2376 1458 2459 collega
1594 2395 1595 2402 ¹

307 2485 432 2546 oreatus
460 2483 510 2544 est
535 2476 657 2543 Catone
684 2475 867 2556 resistente,
893 2494 933 2541 ne
963 2474 1099 2563 dictator
1128 2475 1293 2543 diceretur.
1340 2477 1456 2555 Quam-

306 2582 417 2647 obrem
444 2579 543 2645 iratus
570 2576 741 2662 Pompeius
764 2574 930 2652 „Korona
952 2572 1159 2664 impunitione,
1190 2575 1313 2664 ἵναμὴ
1336 2577 1458 2665 πορών

306 2681 471 2768 ἐνοχλοίη,
494 2677 633 2764 Κύπρον
659 2669 850 2765 ἀφελέσθαι
872 2678 1085 2761 Πτολεμαίου
1113 2679 1288 2762 βασιλέως,
1320 2705 1457 2764 νενομο-

238 2849 240 2854 ,
304 2787 490 2874 τεθημένον
519 2775 581 2869 ἤδη
609 2783 708 2845 τοῦτο
737 2775 803 2845 ὑπὸ
833 2778 988 2845 Κλωδίου
1010 2804 1038 2844 κ.
1061 2804 1089 2844 τ.
1114 2780 1142 2844 λ.
1187 2781 1253 2847 Sed
1282 2782 1362 2850 earo
1391 2782 1458 2850 iam

305 2910 334 2955 a.
359 2889 421 2952 698
445 2885 584 2970 Cyprum
606 2883 743 2948 insulam
768 2882 800 2947 in
828 2887 1019 2968 potestatem
1040 2883 1153 2966 populi
1174 2883 1310 2950 Romani
1331 2884 1457 2968 redegit

306 2989 372 3067 (cfr.
388 2988 470 3054 Plut.
487 2985 567 3050 Cato
587 2984 662 3049 min.
679 2986 718 3047 39
742 2981 826 3064 etc).
843 3021 883 3029 -
900 2984 987 3048 1124
1010 2985 1106 3051 refert
1127 2985 1161 3049 in
1182 3004 1313 3052 numero
1335 3006 1456 3070 eorum,

305 3089 360 3174 qui
382 3087 508 3170 legibus
527 3082 688 3166 Pompeiis
710 3080 751 3147 de
773 3083 806 3148 vi
829 3089 861 3150 et
882 3084 1005 3150 ambitu
1027 3083 1229 3152 condemnati
1250 3093 1333 3170 sunt,
1358 3087 1455 3153 Gabi-

281 3190 408 3271 nium,
432 3186 487 3269 qui
514 3185 579 3250 iam
609 3183 738 3250 biennio
768 3188 842 3250 ante
865 3184 907 3266 (a.
931 3189 993 3250 700
1016 3206 1044 3253 a.
1067 3186 1112 3268 u.)
1140 3188 1371 3256 condemnatus
1396 3194 1456 3255 est.

305 3291 374 3375 (cfr.
397 3288 499 3368 ado.
523 3287 558 3352 F.
582 3286 709 3371 111413
732 3286 863 3352 adAtt.
886 3287 998 3353 lvio.
1023 3288 1085 3356 Dio
1109 3292 1159 3374 39,
1184 3291 1249 3373 62.)

390 3379 538 3473 Deuiq'ue
566 3388 636 3470 quis
663 3388 761 3455 risum
791 3394 899 3456 tenere
926 3395 1033 3473 potest
1061 3391 1102 3457 de
1131 3393 1252 3475 causis,
1280 3393 1361 3476 quas
1390 3393 1456 3478 Ap-

304 3495 418 3582 pianus
447 3491 559 3558 Miloni
586 3489 685 3576 fuisse
713 3490 789 3556 dicit
811 3491 989 3557 Lanuvium
1017 3491 1239 3576 proficiscendi
1267 3492 1337 3577 (cir.
1358 3493 1391 3559 Il
1413 3495 1455 3559 20

274 3594 460 3678 extrem).

292 3727 295 3734 ⁴
390 3696 555 3776 Quacum
584 3696 717 3764 levitate
745 3693 859 3760 mirum
882 3701 1034 3777 quantum
1064 3694 1226 3780 discrepat
1255 3697 1358 3764 altera
1378 3716 1455 3782 pars

304 3799 379 3865 libri
407 3797 538 3864 secundi
565 3799 642 3866 inde
670 3817 780 3883 acap.
805 3800 854 3863 25.
892 3798 974 3862 Nam
1008 3797 1134 3863 etiamsi
1163 3799 1286 3864 errores
1314 3819 1376 3865 non
1399 3799 1455 3866 de-

305 3906 388 3984 sunt,
411 3905 518 3966 tamen
549 3920 657 3966 curam
679 3918 717 3965 ac
744 3898 944 3979 diligentiam
965 3899 1104 3984 Appiani
1130 3899 1164 3964 in
1186 3898 1346 3966 narrando
1369 3919 1455 3967 com-

303 4003 442 4087 probare
472 3998 635 4066 debemus.
679 4000 748 4066 Iam
777 4000 895 4068 dixerit
924 4001 1084 4084 quispiam
1111 4001 1310 4087 Appianum,
1342 4001 1396 4084 qui
1418 4008 1456 4070 ut

305 4104 392 4170 bella
421 4100 530 4167 civilia
558 4103 710 4170 scriberet
738 4103 799 4169 sibi
824 4102 1050 4188 proposuisset,
1072 4103 1174 4188 primo
1197 4122 1301 4188 pauca
1323 4123 1454 4189 excerp-
