3202 4862
398 372 432 428 de
451 371 587 439 Cicerone,
606 373 700 430 Asinio
718 374 850 441 Pollione,
869 377 938 432 Gaio
957 377 1052 447 Oppio.
1242 377 1303 439 347
1341 425 1343 430 .

238 543 488 629 Praescriptioni
509 550 625 627 autem,
650 564 746 627 quam
767 548 869 631 posui,
890 550 972 616 inira
994 549 1198 618 satisfaciam.

239 646 332 711 Duae
354 650 469 730 partes
497 644 584 713 vitae
607 645 770 733 Caesaris,
799 650 1091 734 quarumzpriorcm
1113 653 1203 719 initio
1226 653 1305 720 belli

147 748 258 816 civilis
286 746 328 830 (c.
350 744 406 831 29)
434 748 585 830 termino,
614 749 775 815 diversam
803 751 887 816 inter
914 771 948 818 se
976 754 1115 837 speciem
1138 754 1302 837 praebent.

148 853 297 935 Apparet
319 847 525 938 Plutarchum
540 848 645 933 priore
659 857 751 933 parte
765 855 928 919 auctorem
944 859 1087 922 secutum
1109 875 1189 939 esse,
1213 858 1302 923 cuius

149 973 216 1019 non
247 951 416 1017 interesset
443 950 624 1034 historiam,
652 958 687 1019 ut
713 953 760 1018 ita
786 952 906 1037 dicam,
930 954 1076 1023 Caesaris
1103 977 1302 1043 componere,

149 1052 211 1120 sed
235 1053 290 1135 qui
313 1050 431 1117 blando
447 1051 519 1117 stilo
535 1051 621 1118 vitae
637 1072 823 1135 morumque
838 1055 906 1122 cius
920 1056 1094 1140 imaginem
1110 1059 1302 1143 exprimeret

150 1160 250 1235 atque
272 1172 323 1220 res
345 1159 453 1234 gestas
475 1152 691 1220 adumbrarct.
731 1154 823 1221 Unde
839 1153 933 1240 dieta,
952 1158 1101 1243 fabellae,
1124 1161 1302 1228 narratiun-

149 1256 261 1339 culae,
284 1255 399 1338 quibus
414 1254 495 1319 haec
516 1273 591 1338 pars
606 1253 764 1322 redundat
779 1255 819 1339 (c.
836 1260 870 1340 2;
888 1260 923 1341 7;
942 1262 996 1343 11),
1016 1264 1069 1344 11,
1090 1264 1144 1344 17;
1164 1264 1219 1344 183
1236 1261 1301 1347 26).

237 1373 370 1438 Teneris
392 1376 510 1456 autem,
534 1373 588 1454 qui
610 1373 729 1457 ubique
744 1380 898 1457 servatur,
916 1375 997 1442 haec
1011 1375 1078 1444 iere
1093 1398 1217 1445 summa
1239 1386 1301 1446 est:

218 1495 245 1557 1.
269 1490 388 1556 Caesar
412 1491 566 1574 sanguine
595 1511 666 1558 oum
687 1491 788 1558 Mario
818 1493 1002 1560 coniunctus
1026 1515 1097 1562 esse
1125 1495 1301 1563 identidem

268 1592 472 1675 praedicatur
494 1591 534 1676 (c.
561 1598 593 1678 ¹3
619 1599 653 1677 55
678 1593 721 1676 6).

215 1697 243 1760 2.
267 1693 397 1759 Catonis
420 1693 488 1759 vita
509 1696 658 1777 famaque
681 1695 821 1780 carpitur
843 1699 884 1778 (8,
909 1701 943 1777 2;
977 1701 1024 1779 13,
1049 1704 1084 1782 5,
1115 1703 1164 1782 11,
1189 1697 1222 1783 6)
1246 1698 1267 1783 ).

215 1798 243 1860 3.
265 1794 393 1873 Quanta
414 1795 510 1862 fuerit
530 1797 636 1878 gratia
651 1795 798 1863 Caesaris
816 1795 903 1880 apud
918 1797 1047 1882 plebem
1061 1797 1101 1881 (c.
1119 1803 1148 1881 4,
1164 1803 1199 1882 23
1217 1807 1246 1884 5,
1263 1806 1299 1886 73

267 1900 297 1979 6,
320 1899 356 1980 63
386 1899 415 1981 8,
439 1899 484 1977 4).

214 2001 243 2062 4.
267 1996 387 2062 Caesar
419 2017 485 2063 rem
517 1997 708 2065 familiarem
733 1999 897 2083 profundit
923 1999 1028 2083 plebis
1055 2001 1175 2082 gratia,
1211 1999 1299 2068 idem

265 2098 382 2164 milites
404 2098 525 2165 divitiis
546 2104 639 2165 ornat
662 2099 702 2180 (c.
725 2105 754 2183 4,
778 2103 813 2182 3;
836 2104 865 2183 5,
889 2103 907 2164 6
915 2119 923 2175 ;
950 2104 998 2184 15,
1021 2105 1055 2184 4,
1082 2104 1131 2184 17,
1157 2102 1261 2185 1-2).

147 2199 240 2264 Haec
261 2199 368 2266 omnia
390 2200 537 2266 redolent
559 2201 794 2267 Caesarianum.
839 2203 888 2266 Ae
908 2203 1008 2284 legas,
1032 2221 1160 2286 quaeso,
1183 2205 1298 2288 locum,

149 2319 212 2382 quo
242 2300 432 2368 Plutarchus
460 2301 616 2368 laetitiam
645 2303 806 2386 depingit,
836 2320 899 2384 qua
928 2303 1064 2368 Mariani
1089 2305 1298 2390 exsultarunt,

149 2421 221 2468 eum
243 2420 265 2466 a
286 2401 423 2469 Caesare
448 2404 594 2496 restituta
620 2405 818 2471 intuerentur
846 2410 979 2488 tropaea
1000 2403 1035 2469 C.
1057 2403 1151 2468 Marii
1179 2405 1220 2470 de
1246 2407 1295 2472 In·

147 2503 265 2586 gurtha
288 2502 393 2585 deque
416 2503 553 2572 Cimbris
576 2511 672 2588 atque
701 2507 870 2588 Teutonis,
901 2524 984 2589 quae
1008 2503 1100 2570 Sulla
1129 2507 1205 2571 olim
1234 2506 1297 2574 dis-

147 2606 268 2670 iecerat
296 2605 337 2686 (c.
367 2603 411 2688 6).
440 2641 482 2650 —
508 2606 559 2671 Ex
586 2609 743 2673 contrario
772 2606 943 2674 Suetonius
971 2625 1051 2670 unus
1080 2614 1113 2671 et
1139 2609 1227 2674 solus
1256 2630 1297 2676 ex

149 2707 296 2772 omnibus
319 2707 526 2790 scriptoribus
549 2715 659 2793 aperte
681 2708 783 2790 docet,
807 2707 884 2788 quid
906 2706 1081 2774 adversarii
1101 2707 1144 2772 de
1160 2707 1297 2776 Caesare

147 2807 370 2875 iudicaverint.
413 2809 532 2875 Iamsi
556 2808 715 2889 quaedam
739 2808 1017 2875 acerbissimorum
1044 2808 1296 2891 opprobriorum,

149 2929 232 2990 quae
244 2909 423 2976 adversarii
435 2909 565 2977 Caesari
581 2909 828 2994 exprobrabant,
844 2928 916 2974 eum
932 2907 979 2974 eis
994 2909 1295 2992 comparaverimus,

148 3029 231 3092 quae
245 3010 436 3076 Plutarchus
460 3011 582 3078 eisdem
604 3011 645 3076 de
668 3011 763 3077 rebus
780 3009 887 3093 tradit,
909 3008 1113 3094 perspicuum
1129 3011 1189 3076 erit
1210 3011 1295 3078 velle

146 3119 325 3194 auctorem,
349 3130 444 3193 quem
466 3113 656 3179 Plutarchus
679 3114 836 3195 sequitm,
859 3111 1096 3179 criminationes
1117 3111 1192 3178 illas
1213 3111 1265 3178 ref
1284 3151 1294 3161 -

146 3221 225 3279 tare.
268 3212 340 3291 Qua
361 3214 403 3279 de
425 3233 459 3279 re
482 3215 626 3299 pluribus
648 3215 727 3279 mihi
749 3212 970 3280 disserendum
993 3219 1050 3279 est.

237 3337 264 3396 1.
296 3331 466 3397 Rumorem
489 3333 682 3417 ,pudicitiae
698 3330 865 3397 Nicomedi
887 3331 956 3410 regi
976 3336 1154 3413 prostratae
1162 3333 1184 3410 “,
1208 3331 1296 3395 ouius

146 3450 246 3515 saepe
258 3431 428 3499 Suetonius
443 3432 635 3500 mentionem
650 3433 727 3498 iacit
737 3431 772 3516 ²),
788 3430 978 3497 Plutarchus
992 3430 1119 3496 silentio
1133 3430 1294 3512 praeterit.

235 3689 259 3747 1)
277 3684 319 3738 De
341 3685 509 3740 orationibus
534 3699 551 3738 a
569 3684 685 3738 Caesare
708 3687 735 3738 et
758 3697 775 3737 a
792 3684 894 3738 Catone
907 3682 940 3740 ,in
958 3685 1054 3735 senatu
1071 3680 1142 3735 Non.
1161 3679 1227 3734 Dec.
1245 3684 1293 3735 691

146 3767 246 3823 habitis
264 3769 304 3822 ita
320 3767 463 3838 praedicat
480 3773 513 3833 (c.
528 3773 552 3833 7,
564 3773 604 3834 ep
623 3763 639 3820 ὁ
657 3764 687 3820 δὲ
704 3772 813 3839 Καῖσαρ
831 3763 948 3819 ἀναστὰς
965 3763 1046 3838 λόγον
1063 3761 1161 3832 διῆλθε
1178 3782 1297 3836 πεφρον-

145 3857 284 3921 τισμένον.
312 3859 345 3920 (c.
364 3857 389 3918 8,
411 3855 446 3918 li:
464 3849 574 3906 τούτων
596 3848 626 3904 δὲ
649 3852 716 3914 (scil.
731 3852 799 3907 Cato
817 3856 845 3906 et
863 3851 986 3917 Catulus)
1003 3850 1172 3901 νεανικῶς
1189 3851 1296 3902 ἐναντι-

147 3937 294 3991 ωθέντων.
329 3938 373 3990 Ex
391 3936 527 3992 contrario
546 3935 574 3988 in
593 3935 695 3990 Catone
711 3937 774 3992 min.
792 3936 859 3990 dicit
875 3939 910 4001 (c.
929 3939 985 4000 23):
1004 3928 1019 3985 ὁ
1037 3928 1159 3985 Κάτων.
1173 3929 1297 3986 ..εὐθὺς

145 4021 202 4074 ἵετο
220 4023 260 4089 τῷ
280 4008 352 4093 layo
369 4017 432 4090 μετ’
452 4016 531 4093 ὀργῆς
549 4024 594 4082 καὶ
613 4016 728 4074 πάθους.
764 4020 818 4075 Ofr.
837 4019 883 4076 vit.
902 4020 1024 4075 ciceron.
1044 4034 1067 4072 c.
1087 4021 1116 4070 21
1137 4017 1206 4072 med.

232 4109 258 4172 2)
275 4105 337 4160 Div.
354 4107 404 4161 Iul.
422 4108 447 4159 2.
463 4109 497 4160 49
515 4108 639 4174 (quater).

196 4198 311 4251 Leipziger
324 4199 425 4243 Studien.
451 4198 470 4239 1.
539 4261 541 4268 Α
1058 4208 1091 4258 23
