3202 4862
377 373 411 427 do
428 372 565 439 Cicerone,
582 372 678 428 Asinio
695 373 825 439 Pollione,
845 373 913 429 Gaio
932 372 1027 443 Oppio.
1217 370 1277 430 327

129 548 198 612 Iam
228 546 409 612 Trallianus
438 545 493 610 ille
522 545 626 612 Pollio
655 545 736 610 iuter
764 565 876 612 manns
905 545 995 628 quasi
1029 544 1151 612 diffluit.
1202 544 1278 628 Sed,

131 649 247 717 dixerit
276 648 451 732 quispiam,
479 647 646 723 ,flottam
674 666 790 713 nomen
819 649 1025 714 vernaculum
1050 646 1097 712 illi
1122 647 1199 730 fuit,
1228 647 1280 713 eui

129 756 251 835 postea,
267 771 338 816 cum
353 751 395 815 ab
408 748 518 815 Asinio
534 748 745 814 manumissus
761 755 855 829 esset,
867 740 1013 823 Ἀσίνιος
1029 754 1078 813 est
1089 747 1278 815 adiectum“.

214 850 336 919 Audio!
372 852 497 917 Nomen
518 849 673 916 Pollionis
695 855 750 915 aut
770 849 948 932 Polionis1)
972 849 1055 914 inter
1077 849 1201 916 Graeca
1223 871 1277 916 no-

129 953 216 1018 mina
245 959 408 1036 receptum
437 971 507 1018 esse
539 950 635 1034 (sicut
664 949 860 1035 „Marcum“)
890 956 1023 1017 constat.
1074 951 1164 1018 Idem
1195 951 1279 1018 enim

129 1053 248 1120 Suidas
271 1053 350 1121 duos
371 1051 608 1119 Alexandrinos
629 1052 729 1118 habet
750 1052 811 1117 hoc
831 1052 959 1118 nomine
980 1053 1157 1137 praeditos,
1189 1053 1278 1120 cuius

128 1155 231 1221 forma
252 1156 398 1221 Πωλίων
420 1163 477 1221 aut
497 1154 664 1218 Πωλλίων
693 1151 802 1236 (etiam
828 1152 999 1238 Πολλίων)
1028 1152 1121 1238 est2).
1165 1155 1279 1237 Neque

129 1263 236 1323 tamen
263 1278 315 1323 res
343 1259 389 1323 ita
418 1275 453 1324 se
483 1257 590 1321 habet.
634 1254 718 1319 Nam
747 1253 893 1320 dominus
915 1275 1007 1320 servo
1030 1275 1161 1338 nomen,
1192 1255 1278 1338 quod

128 1358 238 1441 voluit,
261 1357 372 1425 indere
394 1358 528 1423 solebat.
561 1355 707 1422 Asinium
731 1362 837 1422 autem
860 1357 1065 1439 consensisse,
1088 1361 1123 1420 ut
1145 1357 1278 1422 libertus

129 1479 206 1526 suus
230 1459 375 1537 ,Pollio“
398 1462 578 1542 vocaretur,
603 1475 775 1539 numquam
798 1457 875 1522 mihi
897 1458 1150 1540 persuadebitur.
1195 1459 1278 1522 Nam

128 1561 285 1644 ,Polli0“,
308 1568 343 1627 ut
365 1560 444 1625 mibi
466 1557 596 1641 quidem
618 1558 754 1642 videtur,
777 1579 873 1624 unum
892 1579 933 1624 ex
956 1563 1074 1636 „vere“
1096 1559 1161 1625 illis
1184 1578 1277 1641 eque·

128 1660 246 1727 stribus
270 1667 319 1728 est
339 1661 529 1746 nominibus,
552 1680 634 1742 quae
655 1679 784 1745 perraro
807 1681 846 1726 ae
868 1679 970 1743 paene
992 1679 1164 1742 numquam
1182 1661 1278 1727 liber-

128 1763 203 1829 tinis
225 1763 303 1829 data
325 1783 396 1829 esse
418 1763 579 1840 scimusu.
625 1763 672 1828 Ae
693 1781 735 1827 ne
757 1782 854 1827 unum
877 1762 1005 1844 quidem
1028 1762 1209 1829 libertinum
1231 1763 1276 1828 in-

128 1865 217 1949 veni,
248 1866 298 1931 cui
328 1883 444 1931 nomen
466 1864 620 1930 Pollionis
648 1863 753 1930 fuerit.
798 1863 919 1941 Quibus
942 1864 1088 1930 omnibus
1111 1865 1151 1930 de
1174 1865 1277 1932 causis

128 1967 335 2050 Trallianum,
358 1964 461 2032 Asinii
476 1965 630 2033 Pollionis
643 1966 803 2048 libertum,
826 1964 955 2030 fabulae
977 1966 1159 2049 propiorem
1182 1984 1278 2047 quam

127 2065 279 2133 historiae
302 2066 392 2133 duco.
845 2083 846 2088 ’

214 2169 281 2232 Iam
305 2167 456 2251 quidnam
478 2167 554 2234 fidei
570 2169 689 2235 Snidae
712 2168 912 2233 tribuamus?
944 2167 1193 2252 Eyssenhardtio
1210 2169 1276 2251 qui-

128 2268 201 2336 dem
224 2269 412 2353 simpliciter
433 2269 578 2336 assentiri
601 2290 663 2335 non
685 2289 824 2352 possum,
849 2269 903 2350 qui
917 2269 1023 2352 priore
1039 2270 1158 2335 Suidae
1173 2270 1277 2354 eapite

128 2371 217 2436 nisus
247 2371 386 2437 affirmat
414 2371 560 2438 Asinium
587 2371 764 2437 Pollionem
794 2369 998 2436 historiarum
1028 2370 1138 2436 decem
1168 2378 1200 2437 et
1228 2391 1275 2437 se-

127 2476 213 2556 ptem
243 2473 340 2539 libros
364 2473 604 2558 conscripsisse:
632 2493 707 2538 nam
729 2492 800 2537 cum
822 2471 935 2540 eodem
958 2475 1028 2541 loco
1051 2473 1168 2540 Suidas
1191 2472 1277 2539 dicat

127 2574 272 2642 Asinium
294 2575 472 2641 Pollionem
494 2575 630 2659 primum
651 2594 702 2640 res
718 2575 858 2640 Graecas
874 2575 990 2642 Latino
1012 2596 1157 2643 sermone
1180 2576 1276 2660 scrip·

128 2674 224 2756 sisse,
252 2675 456 2742 recordemur
476 2695 607 2743 necesse
629 2681 678 2742 est
704 2675 797 2740 huius
826 2695 953 2758 quoque
978 2679 1024 2744 rei
1049 2678 1196 2744 notitiam
1217 2698 1277 2744 nos

128 2774 190 2839 soli
206 2774 324 2844 Suidae
346 2777 473 2845 debere.
511 2777 616 2855 Quare
639 2777 784 2842 dubitare
807 2777 969 2862 debemus
991 2799 1067 2844 num
1089 2781 1158 2845 eius
1176 2779 1277 2844 verba

128 2876 268 2944 tenenda
295 2879 367 2944 sint.
417 2880 516 2945 Multo
545 2883 651 2946 autem
681 2878 785 2945 minus
813 2899 853 2945 ea
882 2877 1004 2944 ratione
1029 2878 1182 2945 utendum
1207 2897 1277 2946 esse

129 2979 285 3064 existimo,
309 2999 373 3061 qua
393 2980 443 3045 illi
465 2986 602 3064 utuntur,
626 2981 680 3062 qui
701 2999 784 3046 nunc
799 3001 894 3046 unum
909 3000 992 3046 nunc
1007 2981 1141 3047 alterum
1157 2977 1276 3048 Suidae
1343 3037 1345 3040 .

127 3081 232 3148 locum
253 3089 310 3148 aut
330 3082 468 3167 probant
490 3088 544 3146 aut
565 3081 720 3149 reiieiunt.
902 3071 904 3076 ’

216 3269 239 3332 1)
255 3265 355 3320 Pollio:
383 3264 413 3320 C.
435 3265 568 3320 1.L.111
589 3272 598 3319 1
624 3265 675 3320 No.
695 3270 752 3320 272.
776 3270 834 3319 340.
853 3270 912 3319 424.
932 3270 989 3320 599.
1008 3270 1066 3320 762.
1088 3271 1162 3318 1101.
1198 3266 1239 3320 ΠΙ
1261 3272 1276 3320 2

126 3349 179 3404 No.
199 3355 273 3404 6066.
292 3354 367 3403 6125.
403 3349 492 3405 Polio:
517 3351 554 3408 ib.
571 3349 612 3404 ΙΙΙ
638 3350 689 3405 No.
711 3353 783 3403 1172.
802 3354 877 3402 3466.
917 3346 957 3401 04.
976 3354 1067 3403 tamen
1084 3349 1276 3405 Lachmannus

127 3435 170 3489 ad.
189 3435 272 3488 Lucr.
292 3451 318 3503 p.
337 3437 377 3488 33.

214 3523 239 3586 2)
257 3517 347 3573 Unum
369 3518 448 3573 affert
470 3519 541 3572 inter
558 3518 629 3574 viros
648 3519 757 3582 doctos,
782 3516 828 3585 qui
845 3533 937 3573 seeum
954 3518 1051 3572 librum
1074 3520 1277 3586 composuerint

127 3603 247 3673 (praet),
272 3604 385 3658 alterum
410 3603 470 3656 112
491 3621 518 3672 p.
538 3607 600 3671 3883
625 3602 674 3657 cfr.
693 3605 835 3670 praeterea
852 3603 1056 3658 Westermann:
1077 3602 1172 3672 Pauly,
1195 3602 1276 3658 Recl-

127 3687 229 3758 encycl.
249 3703 270 3741 s.
288 3705 311 3742 r.
329 3688 407 3742 Polio
426 3690 454 3742 et
470 3688 545 3757 Pape
564 3687 672 3742 (triech.
691 3687 804 3756 Eigenn.
823 3703 845 3742 s.
863 3705 887 3742 r.

214 3777 239 3840 3)
258 3771 312 3826 cfr.
331 3772 490 3828 Mommsen.
508 3773 537 3825 iu
555 3773 639 3841 praei.
659 3773 694 3826 ad
710 3773 812 3827 indices
831 3772 1020 3826 u.1.L.1112.
1056 3773 1111 3827 Mo.
1125 3773 1193 3827 baec
1211 3789 1276 3829 enu-

126 3863 214 3912 merat
226 3857 336 3912 nominc
351 3857 378 3917 u.
389 3872 409 3911 s.
420 3862 464 3924 s.):
483 3857 589 3926 Capito,
609 3857 740 3922 Clemens,
756 3857 899 3922 Maximus,
915 3855 1006 3924 Niger,
1022 3856 1164 3923 Paternus,
1180 3858 1276 3914 Rufus.

126 3943 198 3997 Icelo
218 3942 321 3996 Galbae
338 3941 435 3997 liberto
453 3947 511 3996 tum
529 3943 642 4006 demum,
661 3958 722 3996 cum
740 3942 827 3996 anulis
846 3943 961 3997 donatus
980 3946 1059 4005 esset,
1080 3957 1176 3997 nomen
1195 3959 1276 4012 eque-

127 4031 183 4082 stre
201 4025 335 4080 Marciani
352 4031 394 4080 est
410 4027 534 4082 inditum.
562 4025 627 4093 (Gir.
638 4027 703 4080 Tac.
717 4025 805 4080 histI
828 4029 865 4094 13,
888 4031 913 4094 ¹3
931 4040 993 4080 ann.
1011 4023 1065 4078 XII
1082 4029 1124 4091 66,
1142 4031 1157 4080 4
1175 4029 1276 4083 mentio

10 4157 12 4166 .
126 4112 158 4166 fit
176 4111 208 4166 de
227 4111 363 4180 ,equitum
380 4111 565 4167 Romanorum
582 4111 743 4181 praevalidis
761 4109 950 4176 nominibus‘.)
