3202 4862
222 305 228 309 -
300 341 363 404 338
740 337 871 406 Georgius
889 337 1011 392 Thonret

302 516 494 600 amplectar:
523 513 551 580 si
574 531 723 597 comparo
746 509 909 575 Plutarchi
931 509 1042 575 verba:
1071 505 1270 594 τηλικαύτην
1285 499 1311 592 ἡ
1337 504 1452 585 στάσις

304 609 532 703 ἀπειργάσατο
563 608 738 700 συμφορὰν
768 611 825 675 καὶ
850 612 1010 675 τοσοῦτον
1040 601 1245 674 ἀπανάλωσε
1265 611 1325 673 τοῦ
1348 607 1453 696 δήμου

303 722 404 804 μέρος
432 722 465 784 et
491 715 633 800 Appiani
666 709 700 789 ἐς
728 713 869 777 τοσοῦτο
898 711 1055 777 καθεῖλεν
1084 705 1103 798 ἡ
1132 709 1236 775 τῶνδε
1267 711 1455 797 φιλονεικία

303 817 363 908 τὴν
379 817 496 908 πόλιν,
520 836 558 881 eo
580 816 710 898 inclino,
732 820 768 880 ut
785 813 882 880 etiam
897 813 986 879 illam
1002 813 1210 880 sententiam:
1234 813 1455 890 „contentione

306 919 440 987 duorum
462 919 602 985 virorum
623 914 854 1000 rempublicam
876 920 943 994 (aut
965 916 1089 992 urbem)
1110 919 1234 980 tantam
1256 914 1383 981 cladem
1405 934 1457 979 ae

306 1023 451 1106 cepisse“
474 1018 633 1085 communi
660 1016 740 1084 fonti
768 1015 955 1101 attribuam,
984 1021 1081 1098 atque
1110 1021 1145 1082 ut
1173 1036 1288 1099 negem
1310 1015 1457 1082 Asinium

305 1123 484 1189 Pollionem
512 1119 625 1202 fuisse,
657 1137 752 1200 quem
775 1118 965 1184 Plutarchus
992 1125 1024 1184 et
1045 1118 1212 1203 Appianus
1240 1125 1458 1202 sequerentur,

308 1244 379 1289 oum
402 1223 470 1289 viro
493 1221 636 1288 Romano
659 1225 756 1302 atquc
778 1221 875 1287 etiam
898 1219 1026 1302 aequali
1047 1218 1200 1285 iudicium
1221 1219 1302 1285 illud
1325 1239 1459 1304 pravum

308 1325 396 1391 nullo
419 1321 515 1391 modo
538 1321 678 1388 adscribi
699 1322 809 1406 possit.

392 1426 462 1490 Iam
484 1445 595 1510 spero,
624 1444 676 1489 me
703 1422 815 1488 lectori
844 1423 1001 1489 benevolo
1024 1422 1108 1489 hanc
1131 1423 1366 1490 conclusionem
1387 1443 1459 1507 pro-

308 1529 473 1593 baturum:
501 1527 529 1591 si
552 1523 848 1606 demonstraverim,
878 1524 1015 1589 alterum
1040 1544 1148 1591 eorum
1169 1526 1240 1610 ipso
1263 1523 1373 1590 Asinio
1396 1545 1461 1591 non

309 1647 380 1695 esse
407 1646 515 1709 usum,
548 1627 686 1693 alterum
720 1643 846 1708 quoque
876 1625 941 1691 alio
971 1645 1012 1692 ex
1041 1626 1128 1693 fonte
1155 1625 1301 1693 hausisse
1330 1645 1461 1693 consen-

308 1735 437 1795 taneum
458 1727 535 1794 iore.

396 1829 631 1896 Demonstrabo
653 1835 760 1896 antem
781 1828 989 1896 Plutarchum
1014 1828 1117 1895 Asinii
1135 1827 1289 1894 Pollionis
1306 1828 1462 1912 ⁸historias

309 1953 373 1998 non
395 1932 491 1998 modo
507 1952 572 2000 non
586 1931 764 2016 inspexisse
780 1930 838 1998 sed
853 1951 894 1997 ne
908 1950 1003 1997 nosse
1018 1929 1159 2015 quidem,
1181 1929 1280 2012 idque
1297 1931 1368 1998 loco
1384 1950 1460 2013 quo-

311 2033 386 2100 dam
409 2032 651 2114 demonstrabo,
681 2033 732 2099 cui
754 2032 886 2117 accidit,
909 2040 944 2098 ut
965 2033 1083 2098 abhinc
1105 2033 1167 2099 tria
1192 2033 1323 2099 saecula
1343 2031 1462 2098 rectius

311 2136 479 2218 (quantum
494 2133 574 2198 mihi
589 2131 718 2215 quidem
733 2133 887 2218 videtur),
910 2154 1006 2217 quam
1024 2133 1141 2200 nostris
1155 2134 1351 2219 temporibus
1366 2134 1461 2200 inter·

310 2237 467 2322 pretando
483 2235 717 2320 explanaretur.
753 2236 812 2301 Est
826 2236 1009 2302 notissimus
1024 2236 1090 2317 ille,
1113 2254 1175 2316 quo
1190 2235 1382 2302 Plutarchus
1397 2234 1462 2300 dic-

223 2359 224 2362 *
313 2345 380 2404 tum
403 2337 506 2421 affert,
529 2337 616 2420 quod
638 2337 757 2404 Caesar
777 2338 811 2402 in
826 2337 947 2421 eampis
962 2337 1137 2402 Pharsaliis
1152 2337 1254 2403 edidit
1269 2337 1376 2420 (Caes.
1391 2336 1463 2422 tel:

307 2435 344 2506 Ὁ
367 2438 402 2504 δὲ
424 2444 559 2524 Καῖσαρ
583 2487 590 2502 .
609 2487 615 2501 .
634 2488 666 2502 ..
691 2434 785 2503 εἶπεν
804 2432 868 2525 ἄρα
885 2435 1054 2514 στενάξας·
1084 2441 1203 2515 ,τοῦτο
1220 2435 1461 2526 ἐβουλήθησαν,

312 2539 361 2615 εἰς
381 2537 480 2604 τοῦτό
503 2561 545 2620 με
568 2531 708 2626 ἀνάγκης
728 2534 952 2627 ὑπηγάγοντο,
970 2538 1026 2605 ἵνα
1049 2545 1079 2603 Γ
1077 2538 1151 2617 άϊος
1172 2546 1307 2626 Καῖσαρ
1329 2534 1348 2605 ὁ
1370 2544 1463 2624 μεγί-

313 2661 411 2716 στους
432 2640 601 2723 πολέμους
621 2640 858 2728 κατορθώσας,
883 2640 912 2707 εἰ
938 2640 1134 2730 προηκάμην
1155 2639 1197 2706 τὰ
1224 2640 1463 2727 στρατεύματα,

311 2730 372 2807 κᾶν
386 2739 664 2829 κατεδικάσθην.“
700 2742 813 2808 Ταῦτά
829 2765 913 2832 φησι
928 2744 1085 2811 Πολλίων
1095 2737 1261 2820 Ἀσίννιος
1274 2740 1316 2808 τὰ
1332 2742 1464 2831 ῥήματα

306 2839 489 2927 Ῥωμαϊστὶ
515 2844 576 2928 μὲν
606 2838 892 2932 ἀναφθέγξασθαι
919 2843 978 2911 τὸν
1006 2850 1164 2932 Καίσαρα
1192 2843 1287 2932 παρὰ
1308 2843 1366 2910 τὸν
1387 2844 1464 2912 τότε

312 2945 438 3032 καιρόν,
458 2942 640 3034 Ἑλληνιστὶ
667 2940 697 3011 δ’
724 2941 784 3012 ὑπ’
812 2939 913 3011 αὐτοῦ
934 2946 1138 3034 γεγράφθαι.

399 3045 523 3124 Quibus
546 3069 586 3112 ex
608 3049 716 3114 verbis
738 3047 945 3115 Gasanbonus
967 3049 995 3114 si
1018 3049 1172 3115 conclusit
1184 3048 1208 3130 1)
1229 3037 1375 3114 Asinium
1388 3049 1461 3114 Pol-

314 3150 434 3216 lionem
449 3147 574 3214 Graeca
596 3147 706 3231 lingua
727 3148 877 3215 historias
896 3151 1070 3236 scripsisse,
1093 3154 1156 3217 un'o
1169 3148 1284 3235 modo,
1307 3169 1369 3232 qno
1393 3149 1463 3232 quis

315 3255 437 3337 potest,
466 3250 571 3317 locum
598 3248 825 3335 interpretatus
852 3270 923 3318 esse
949 3253 1027 3319 mihi
1049 3252 1183 3320 videtur.
1228 3251 1272 3316 At
1293 3250 1464 3318 Suetonius

315 3352 430 3422 eadem
451 3352 553 3418 verba
575 3373 615 3420 ex
637 3352 776 3420 historiis
796 3352 900 3419 Asinii
922 3361 1048 3440 sumpta
1068 3355 1203 3440 praebet
1226 3349 1306 3435 (div.
1321 3353 1379 3419 Iul.
1396 3355 1463 3428 30):
1583 3377 1584 3412 ι

316 3453 424 3538 ,quod
446 3453 644 3538 probabilius
666 3454 744 3520 facit
764 3455 894 3520 Asinius
917 3455 1030 3539 Pollio,
1052 3455 1240 3522 Pharsalica
1262 3453 1331 3519 acie
1354 3473 1464 3522 caesos

315 3555 565 3644 profligatosque
592 3555 794 3621 adversarios
809 3555 1065 3654 prospicientem
1086 3557 1174 3622 'haee
1195 3577 1269 3623 eum
1297 3553 1346 3620 ad
1375 3575 1464 3622 ver·
1583 3637 1584 3640 η

316 3660 404 3725 bum
420 3655 541 3722 dixisse
556 3659 710 3722 reterens:
727 3657 818 3733 „Hoc
833 3658 1015 3742 volucrunt3
1031 3659 1128 3725 tantis
1141 3659 1238 3725 rebus
1252 3658 1352 3742 gestis
1365 3657 1465 3724 Gaius

319 3759 439 3825 Caesar
466 3753 695 3824 eohdemnatus
722 3775 841 3841 essem,
870 3758 932 3824 nisi
960 3761 1002 3825 ab
1029 3760 1171 3828 exercitu
1192 3760 1347 3825 auxilium
1368 3759 1466 3844 petis·

318 3865 418 3927 sem.“
462 3858 552 3925 Haec
574 3858 674 3925 verba
695 3859 791 3943 plane
813 3859 1030 3926 demonstrant
1051 3860 1197 3929 Asinium
1221 3860 1329 3944 potius
1351 3861 1467 3927 Latina

407 4079 431 4143 l)
448 4075 493 4130 Ad
511 4076 621 4132 Sueton.
641 4074 666 4129 d.
683 4074 734 4129 iul.
754 4079 800 4140 30;
822 4078 884 4131 utor
901 4077 964 4132 edit.
983 4077 1128 4146 Argentor.
1150 4081 1223 4142 1647,
1240 4094 1268 4147 p.
1287 4082 1329 4131 50.
