3202 4862
390 383 422 438 de
441 381 578 448 Cicerone,
596 382 692 438 Asinio
710 382 842 449 Pollione,
861 382 930 436 Gaio
949 382 1044 452 Oppio.
1235 378 1294 443 341

146 553 267 639 optimo
283 553 352 620 iure
367 572 418 618 me
434 560 690 620 asseveraturum
708 574 811 639 spero,
834 554 1041 620 Plutarchum
1064 573 1135 620 cum
1161 559 1298 638 putaret,

145 655 293 722 Asinium
321 655 500 722 Pollionem
523 655 646 722 Graece
674 655 855 741 scripsisse,
882 655 985 723 Asinii
1016 656 1164 724 historias
1193 677 1298 740 neque

145 758 264 841 legisse
285 777 390 840 neque
405 756 599 823 adhibuisse.
630 758 728 823 Porro
745 756 821 839 quia
834 759 947 843 negari
960 780 1024 825 non
1039 762 1154 842 potest,
1178 758 1297 826 dictum

144 857 227 924 illud
249 859 396 925 Caesaris
419 878 460 924 ex
481 858 622 925 historiis
645 858 799 925 Pollionis
823 878 894 926 esse
917 859 1051 926 libatum
1073 858 1142 944 (cfr.
1167 860 1296 931 Sueton.

144 959 286 1044 111130),
310 959 459 1043 sequitur,
484 967 518 1026 ut
539 966 659 1044 auctor,
682 978 777 1042 quem
793 961 982 1028 Plutarchus
1004 963 1171 1046 expressit,
1193 964 1299 1031 Asinii

144 1061 300 1128 Pollionis
322 1062 471 1127 historias
494 1065 550 1128 aut
571 1068 696 1147 partem
718 1080 827 1128 earum
850 1063 1006 1130 Graecam
1028 1063 1060 1128 in
1084 1063 1226 1148 linguam
1248 1086 1296 1132 re-

144 1161 166 1227 d
210 1163 278 1228 erit.

169 1182 209 1245 eg
235 1265 305 1330 lam
335 1283 405 1329 cum
436 1261 673 1329 demonstrasse
700 1263 779 1329 mihi
811 1264 923 1331 videar
957 1266 1163 1332 Plutarchum
1190 1267 1297 1351 ipsum

143 1366 291 1432 Asinium
314 1386 378 1432 non
399 1363 588 1448 inspexisse,
613 1365 832 1448 quaestionem
854 1387 978 1450 moveo,
1006 1366 1084 1448 quid
1105 1367 1147 1432 sit
1169 1367 1210 1435 de
1231 1369 1296 1454 Ap-

142 1466 242 1552 piano
265 1466 480 1534 iudicandum.

229 1570 278 1634 Ac
299 1569 436 1654 primum
459 1565 588 1650 quidem
611 1565 677 1634 scio
696 1587 748 1634 me
765 1570 911 1637 evincere
926 1589 989 1636 non
1003 1589 1099 1654 posse
1113 1570 1297 1655 Appianum

108 1687 114 1693 ·
143 1672 213 1755 ipso
235 1669 347 1736 Asinio
369 1689 432 1735 non
454 1686 525 1734 esse
546 1686 647 1733 usum.
691 1669 805 1751 Neque
831 1675 938 1738 tamen
960 1692 1074 1739 vereor
1095 1692 1223 1740 monere
1246 1694 1295 1760 eu,
1319 1677 1322 1686 ’

145 1792 227 1855 quae
248 1792 344 1856 supra
366 1770 503 1837 disserui
526 1767 596 1852 (cfr.
618 1791 649 1853 p.
674 1768 760 1853 338).

229 1875 273 1942 Ut
294 1872 438 1939 hauserit
460 1872 627 1956 Appianus
655 1892 696 1937 ex
724 1871 794 1955 ipso
817 1871 943 1956 Asinio,
967 1873 1159 1942 Plutarchus
1188 1882 1297 1944 autem

145 1995 186 2040 ex
208 1976 293 2042 fonte
316 1974 471 2056 derivato,
496 1972 654 2054 quomodo
670 1972 714 2055 fit,
738 1977 772 2038 ut
787 1979 920 2055 uterque
936 1976 1050 2041 eodem
1066 1977 1137 2043 loco
1148 1977 1296 2045 Asinium

144 2077 323 2143 Pollionem
345 2080 460 2142 testem
481 2075 603 2140 indicet
624 2072 691 2157 (cfr.
714 2093 745 2157 p.
770 2074 862 2160 334),
891 2081 926 2142 ut
948 2074 1062 2143 eodem
1083 2078 1153 2144 loco
1177 2079 1296 2147 011111

145 2179 187 2244 ab
210 2182 344 2260 utroque
365 2175 514 2243 laudetur
535 2173 605 2258 (cir.
621 2197 652 2260 p.
670 2178 731 2240 334
753 2179 818 2241 not.
838 2176 886 2258 1),
909 2184 945 2242 ut
967 2183 1078 2245 neuter
1100 2179 1141 2244 dc
1163 2201 1296 2249 recensu

144 2284 230 2346 recte
245 2277 365 2346 iudicet
379 2277 449 2362 (cfr.
464 2299 495 2362 p.
513 2277 600 2361 337),
624 2282 660 2341 ut
681 2275 762 2343 inter
778 2297 833 2343 eos
848 2284 957 2345 tantae
971 2279 1170 2347 intercedant
1185 2283 1295 2349 simili-

144 2380 286 2463 tudines,
313 2387 347 2446 ut
368 2401 431 2447 non
453 2378 549 2446 modo
572 2399 676 2446 rerum
698 2378 756 2446 sed
780 2380 878 2446 etiam
900 2380 1071 2448 verborum
1093 2382 1295 2450 concordiam

141 2482 428 2566 deprehendamus.
474 2481 633 2566 Compara

332 2585 415 2668 App.
438 2583 470 2647 Π
514 2587 649 2648 2611111
713 2583 911 2650 Ρ11110111
935 2589 985 2668 23,
1009 2589 1038 2652 2.
1062 2590 1080 2651 3

510 2688 653 2750 1711111.
735 2719 775 2729 ·—
850 2722 888 2731 -
934 2690 1027 2770 30,2

510 2786 614 2850 37111.
738 2821 778 2830 -
851 2823 893 2832 -
938 2791 1031 2870 33,4

510 2890 548 2950 57
572 2885 683 2970 pmd.
736 2923 777 2932 -
849 2921 890 2932 -
935 2890 1027 2970 38,3

511 2992 551 3053 62
575 2995 654 3054 extr.
737 3023 779 3034 -
850 3025 892 3034 -
936 2991 1029 3072 39,5

509 3094 547 3156 77
702 3112 776 3136 ·-
806 3090 917 3176 Pomp.
935 3095 1027 3174 tun

510 3196 547 3256 81
735 3226 778 3239 —
807 3192 898 3258 caes.
934 3200 1027 3278 411

492 3299 550 3359 104
571 3300 649 3361 extr.
735 3329 778 3340 -—
835 3329 877 3338 -
936 3298 1027 3377 56,3

637 3401 694 3461 etc.
740 3400 799 3460 etc.

138 3465 344 3476 *—

138 3559 173 3569 -
184 3528 220 3580 eis
231 3521 314 3579 τοῦτό
325 3547 359 3595 με
369 3523 485 3600 ἀνάγκης
496 3522 667 3599 ὑπηγάγοντο
680 3529 726 3580 ἵνα
736 3557 765 3566 ·-
777 3526 891 3582 delenda
903 3541 963 3581 esse
976 3531 1076 3592 censet,
1091 3542 1151 3580 cum
1163 3527 1198 3581 ab
1211 3525 1293 3581 libra·

138 3614 180 3667 rio
198 3613 288 3682 aliquo
307 3611 400 3666 addita
418 3612 480 3678 sint,
497 3611 543 3681 qui
561 3612 657 3666 verba:
677 3614 773 3675 ,τοῦτο
791 3608 999 3680 ἐβουλήθησαν“
1013 3611 1158 3681 explanare
1169 3611 1292 3666 voluerit.

139 3698 237 3768 Neque
253 3712 317 3751 vero
335 3711 472 3752 manuscr.
491 3698 650 3765 permittunt
669 3697 728 3762 (cir.
742 3696 859 3751 Sintcnis
876 3696 917 3750 ΙΙΙ
928 3712 955 3765 p.
965 3700 1015 3750 272
1027 3701 1084 3751 not.
1093 3702 1129 3764 4).
1158 3697 1292 3767 Equidem

139 3798 213 3838 nunc
231 3781 354 3836 existimo
372 3780 441 3835 haec
458 3781 541 3835 verba
558 3781 593 3835 ab
613 3797 653 3846 eo,
673 3782 719 3850 qui
735 3782 837 3850 primus
855 3779 944 3836 Asinii
960 3781 1089 3837 historias
1106 3783 1135 3837 in
1158 3783 1293 3838 Graecum

140 3883 291 3924 sermonem
309 3866 461 3931 transtulit,
486 3865 577 3935 posita
595 3881 668 3932 esse,
690 3871 721 3921 ut
744 3866 892 3921 lectoribus
912 3865 1023 3921 Graecis
1041 3867 1203 3937 explicaret,
1228 3868 1293 3936 quid

139 3951 207 4006 illud
232 3952 330 4014 ,τοῦτο
354 3950 561 4020 ἐβουλήθησαν
588 3951 640 4006 sibi
662 3952 749 4006 vehet.
789 3950 966 4021 Eandemque
988 3967 1017 4006 se
1041 3951 1142 4008 dictum
1169 3952 1293 4008 01111111

139 4036 271 4091 Graece
295 4035 458 4104 reddidisse,
483 4052 515 4092 1ο
541 4036 653 4092 consilio
672 4035 808 4092 addidisse
826 4041 930 4105 putem,
955 4041 987 4090 ut
1003 4052 1032 4092 se
1054 4042 1196 4106 purgaret,
1221 4037 1293 4106 qnod

138 4136 195 4175 non
216 4120 252 4175 ad
274 4121 386 4176 verbum
403 4122 571 4177 reddidisset.
608 4121 696 4176 Aliter
712 4121 802 4176 locum
819 4121 894 4176 illum
911 4121 1035 4191 accipere
1056 4137 1111 4177 non
1128 4137 1249 4190 possum.
