3202 4862
12 4129 27 4217 l

377 368 410 422 de
429 367 566 434 Cicerone,
585 368 680 422 Asinio
697 367 829 434 Pollione,
848 369 915 424 (iaio
934 368 1028 438 Oppio.
1217 365 1278 428 329

132 539 281 607 laudibus
303 560 377 607 eum
400 538 539 606 extulit?
554 573 593 584 —
611 539 812 624 Quapropter
834 541 875 605 ab
897 539 937 605 iis
958 561 1021 606 non
1039 541 1203 623 dissentio,
1226 542 1280 624 qui

118 662 248 708 annum
275 644 337 704 712
359 661 390 707 u.
414 661 441 706 c.
463 639 560 706 finem
582 640 784 707 historiarum
798 641 952 708 Pollionis
974 641 1091 726 dicunt.
1127 641 1222 732 Ultra
1238 677 1280 690 —

132 764 195 809 non
217 742 327 825 liquet.
358 742 464 825 Atque
486 741 626 824 spatium
649 743 798 827 temporis
814 763 834 809 a
848 743 950 826 primo
965 741 1165 810 triumviratu
1180 764 1280 827 usquo

131 844 173 910 ad
196 845 369 927 proelium,
393 863 455 926 quo
477 843 695 910 interfectores
718 843 864 911 (lassaris
885 843 949 928 ipsi
970 862 1090 929 poenas
1115 845 1280 930 dederuut,

131 965 235 1012 nonne
259 945 392 1030 praebet
414 945 505 1027 quasi
523 943 620 1009 solidi
635 951 731 1028 atque
746 946 946 1013 cohaerentis
962 945 1102 1029 corporis
1117 946 1279 1030 speciem?

131 1046 246 1128 Itaque
267 1039 418 1130 adducor,
447 1053 482 1111 ut
510 1045 689 1113 existimem
717 1047 861 1114 Asinium
883 1046 1061 1114 Pollionem
1091 1047 1196 1130 libris,
1226 1049 1280 1130 qui

132 1147 210 1214 editi
238 1148 316 1232 sint,
345 1168 397 1216 res
419 1149 581 1216 Romanas
608 1147 684 1214 inde
711 1149 752 1214 ab
781 1168 864 1232 anno
887 1151 948 1213 694
971 1146 1135 1230 usquead
1161 1169 1279 1215 annum

131 1252 193 1312 712
216 1268 246 1314 u.
269 1270 295 1316 o.
318 1248 608 1333 comprehendisse.

218 1350 277 1416 (lui
306 1351 484 1417 sententiae
513 1349 641 1416 obstare
663 1349 790 1416 videtur
817 1351 924 1433 locus,
952 1371 1047 1434 quem
1068 1370 1165 1435 supra
1187 1353 1280 1418 attuli

130 1451 215 1534 (Val.
228 1452 313 1518 Max.
326 1450 402 1516 VIII
419 1455 453 1515 13
465 1457 529 1518 ext.
542 1451 587 1532 4).
615 1451 699 1517 Nam
714 1471 783 1517 cum
801 1472 849 1536 ca,
865 1471 947 1534 quae
958 1451 1106 1519 Valerius
1120 1453 1279 1520 Maximus

131 1575 173 1620 cx
196 1553 290 1638 tertio
312 1552 394 1619 libro
417 1552 620 1619 historiarum
635 1552 738 1618 Asinii
754 1552 960 1638 deprompsit,
982 1554 1099 1620 cadant
1114 1555 1147 1620 in
1162 1575 1279 1623 annum

131 1659 192 1722 705
220 1676 250 1722 u.
274 1674 300 1720 c.
318 1652 358 1738 ¹),
388 1653 475 1720 dicat
495 1655 612 1736 aliquis
633 1654 783 1721 fortasse:
805 1654 934 1721 Asinius
956 1655 1049 1721 tertio
1071 1656 1153 1723 libro
1176 1677 1227 1725 res
1249 1678 1278 1724 a.

133 1763 193 1821 705
216 1762 324 1840 gestas
347 1756 604 1841 comprehendit;
627 1757 821 1842 consumpsit
842 1756 939 1840 igitur
961 1757 1041 1822 duos
1056 1757 1213 1825 librosad
1227 1779 1279 1825 res

131 1856 278 1921 undecim
301 1877 455 1923 annorum
469 1855 645 1924 namandas
661 1857 704 1941 (a.
722 1858 920 1939 oet-toth
943 1858 1101 1939 quomodo
1117 1864 1277 1940 quattuor-

131 1956 235 2024 decim
258 1958 349 2023 libris
370 1958 475 2042 potuit
496 1978 577 2043 opus
600 1959 630 2024 ci
652 1978 733 2042 esse,
756 1963 791 2024 ut
812 1978 864 2025 res
886 1965 957 2026 ooto
973 1960 1165 2042 reliquorum
1181 1981 1277 2028 anno-

131 2078 201 2124 rum
224 2058 266 2142 (a.
284 2057 465 2143 uuo-712)
481 2059 595 2126 litteris
609 2058 796 2126 mandaret?
826 2061 912 2127 Sane
936 2062 1016 2128 haec
1031 2065 1081 2128 cst
1095 2061 1277 2128 difficultas.

131 2159 197 2225 Sed
220 2160 364 2244 primum,
388 2161 514 2227 etiamsi
534 2160 667 2228 Suidam
690 2161 822 2228 reiiocro
843 2164 928 2246 nolo,
951 2170 1058 2230 tamen
1079 2164 1148 2248 ipsc
1169 2183 1276 2232 uume-

131 2280 184 2326 rus
206 2260 419 2345 suspicionem
441 2268 558 2345 movet,
582 2261 659 2342 quia
684 2261 853 2344 singularis
876 2264 969 2345 esti).
1013 2266 1185 2332 Praeterea
1206 2285 1278 2331 cum

133 2362 352 2446 cogitabimus,
376 2383 534 2446 quaenam
557 2364 598 2430 sit
620 2364 713 2448 copia
734 2371 1018 2446 rerumgestarum
1040 2366 1081 2432 ab
1097 2365 1186 2432 initio
1202 2366 1280 2432 belli

134 2463 236 2530 civilis
263 2465 449 2531 Caesariani
471 2485 573 2548 usque
594 2467 637 2532 ad
658 2467 812 2550 proelium
830 2468 1047 2552 Philippense,
1069 2469 1280 2535 concedemus

132 2565 201 2632 fieri
231 2567 392 2650 potuisse,
420 2573 456 2633 ut
477 2567 624 2650 Asinius,
653 2568 824 2636 dummodo
848 2569 1010 2652 aliquanto
1037 2569 1184 2637 uberiore
1206 2569 1279 2637 stilo

133 2688 185 2734 res
208 2669 391 2753 explicaret,
415 2687 497 2750 quae
519 2669 563 2734 ad
578 2670 698 2736 bellum
714 2671 911 2756 spectabant,
927 2677 974 2738 tot
988 2671 1086 2738 libros
1102 2671 1280 2738 conficeret.

133 2770 239 2853 Atque
269 2770 364 2836 etiam
387 2770 490 2854 magis
518 2770 601 2836 hanc
626 2771 669 2837 ad
691 2773 880 2837 sententiam
903 2773 1136 2854 inclinabimus,
1159 2774 1186 2838 si
1208 2793 1279 2855 pro

135 2872 243 2937 batum
272 2872 364 2940 nohis
387 2873 446 2938 erit
471 2871 616 2938 Asinium
644 2872 732 2938 bella
759 2871 885 2938 Gallica
913 2871 1067 2938 nonnisi
1098 2873 1280 2938 summatim

134 2973 330 3058 exposuisse.
382 2973 448 3040 Sed
480 2972 542 3040 hac
571 2973 612 3039 de
645 2993 680 3038 re
708 2973 818 3057 paullo
847 2972 1031 3054 diligentius
1061 2972 1281 3040 disserendum

132 3074 210 3138 mihi
232 3081 288 3141 cst.

218 3175 366 3242 Caesaris
386 3177 603 3242 commentarii
625 3176 766 3243 debello
782 3176 906 3243 Gallico
922 3179 1035 3243 mirum
1051 3182 1203 3260 quantum
1226 3200 1280 3244 va-

132 3277 200 3341 lent
222 3277 309 3360 apud
330 3297 435 3343 rerum
457 3278 637 3363 scriptores.
675 3277 830 3343 Omnibus
848 3281 915 3344 fere
931 3279 1023 3359 qnasi
1041 3278 1282 3344 fundamentum

132 3377 292 3462 suppositi
313 3382 398 3444 sunt.
434 3379 520 3444 Satis
544 3379 647 3446 habeo
670 3383 856 3462 argumenta
878 3379 1015 3444 breviter
1036 3378 1233 3460 adstringere
1244 3381 1280 3461 3).

219 3479 366 3546 Orosium
388 3479 420 3544 in
445 3480 539 3546 bellis
554 3479 687 3548 Gallicis
710 3477 896 3546 enarrandis
918 3481 1023 3564 ipsum
1040 3479 1211 3547 Gaesarem
1227 3501 1281 3547 ex-

133 3580 299 3665 pressisse,
321 3581 387 3646 iam
407 3582 591 3648 Moernerus
615 3580 693 3646 satis
715 3599 873 3666 superque
896 3580 1171 3665 demonstravitt).
1216 3581 1281 3648 Sed

221 3767 245 3827 1)
263 3762 360 3830 Agitur
379 3763 412 3818 de
430 3766 631 3833 oppugnatione
649 3764 772 3828 Gadium,
791 3779 816 3818 a.
835 3768 894 3819 705.

219 3849 245 3911 2)
262 3845 331 3900 Dico
349 3863 488 3902 numerum
507 3845 556 3921 ιζ’;
576 3846 624 3904 cfr.
644 3864 727 3918 supra
744 3865 770 3917 p.
791 3852 848 3902 3²5.

219 3934 244 3993 3)
262 3929 377 3984 Veniam
394 3929 544 3998 impetrabo
563 3933 597 3987 ob
615 3948 655 3998 ea,
674 3948 743 4001 quae
760 3931 900 4002 praefatus
918 3947 985 3986 sum.

218 4018 244 4078 4)
262 4013 304 4068 De
323 4014 412 4069 Orosii
432 4014 488 4070 vita
513 4015 623 4086 eiusque
647 4017 821 4071 historiarum
839 4017 914 4071 libris
932 4017 982 4072 Vll
1001 4017 1130 4072 aduersus
1149 4033 1278 4086 paganos3

131 4098 221 4153 Berol.
241 4102 317 4152 1844.
