3202 4862
323 368 384 429 340
758 369 888 438 Georgius
907 369 1029 425 Thouret

408 543 527 609 Cacsar
549 561 620 607 cum
642 541 795 626 Pompeio
818 541 944 608 devicto
966 543 1177 626 hostibusque
1205 543 1284 610 fusis
1306 563 1363 626 per
1387 565 1478 610 cam-

322 666 398 732 pum
410 642 629 710 Pharsalicum
641 643 798 726 equitaret
807 643 1046 727 intuereturquc
1060 664 1226 712 caesorum
1241 665 1384 730 corpora,
1401 667 1480 730 pro·

321 745 480 813 nuntiavit
500 745 558 810 illa
580 746 694 828 verba,
717 781 759 790 -
782 764 883 826 eaque
905 746 1021 812 Latina
1047 746 1172 830 lingua,
1196 783 1236 792 -
1259 753 1373 830 postca
1397 768 1479 816 vero

322 849 445 916 Graeco
468 866 613 914 sermone
635 847 801 912 mandavit
821 866 861 912 ea
876 847 1004 914 litterisl
1035 848 1104 926 Quo
1128 847 1205 929 quid
1223 847 1368 931 ieiunius,
1395 850 1480 930 quid

320 950 502 1037 perversius
526 948 659 1033 cogitari
680 949 801 1032 potest!
838 948 938 1014 Immo
962 948 1092 1014 Asinius
1114 949 1234 1032 Pollio,
1262 970 1370 1016 comes
1394 949 1478 1018 an-

321 1053 402 1120 saris
431 1051 555 1118 audivit
583 1070 654 1117 eum
683 1050 916 1115 exclamantem
944 1057 1041 1131 atquc
1067 1050 1167 1116 verba
1191 1052 1351 1118 memoria
1373 1051 1479 1132 digna
1583 1101 1584 1118 t

320 1155 375 1238 pio
398 1152 503 1219 animo
526 1151 707 1236 posteritati
729 1150 870 1234 tradidit,
893 1151 986 1218 sicuti
1001 1151 1137 1219 fortasse
1152 1153 1234 1219 illud
1249 1172 1376 1235 quoque
1393 1153 1477 1219 Cae-

321 1255 417 1322 saris:
440 1254 534 1331 „alea
555 1254 640 1319 iacta
663 1257 732 1320 cst“
754 1253 796 1319 ab
819 1254 981 1320 oblivione
1003 1253 1179 1320 vindicavit
1200 1253 1269 1338 (cfr.
1286 1255 1417 1322 Sueten.
1442 1255 1475 1322 d.
1583 1291 1584 1300 κ

319 1357 378 1423 Iul.
402 1355 467 1440 33).

406 1456 471 1524 Sed
486 1456 521 1522 id
536 1457 633 1522 etiam
649 1455 840 1522 concedatur
855 1455 1026 1523 Caesarem
1042 1475 1081 1522 ea
1095 1457 1197 1522 verba
1217 1462 1331 1540 postea
1347 1457 1475 1526 Graece
1583 1461 1584 1480 ¹

218 1557 220 1560 ’
319 1561 499 1645 scripsisse:
529 1577 699 1640 quamnam
729 1576 857 1623 causam
886 1558 957 1644 quis
978 1564 1083 1644 potest
1107 1559 1298 1642 excogitare,
1322 1581 1378 1627 cur
1400 1561 1475 1626 Asi-
1583 1571 1584 1592 ³

319 1663 392 1729 nius
418 1660 522 1727 Pollio
550 1659 582 1725 in
611 1657 752 1724 historiis
780 1658 847 1724 suis
864 1695 866 1700 ·
883 1659 1029 1726 Latine
1061 1657 1265 1746 compositis,
1301 1680 1364 1742 quo
1400 1662 1475 1728 loco
1583 1719 1584 1732 ,

320 1762 408 1830 vocis
430 1761 517 1828 illius
540 1783 559 1826 a
581 1760 718 1827 (lassare
741 1760 883 1826 Latine
905 1761 1042 1844 emissae
1071 1763 1265 1828 mentionem
1293 1763 1385 1846 fecit,
1415 1764 1474 1829 ad·
1583 1795 1584 1834 t

320 1864 446 1943 diderit,
469 1869 582 1948 postea
597 1861 769 1929 Gaesarem
785 1883 824 1929 ea
838 1863 938 1929 verba
953 1863 1113 1934 Graece
1134 1866 1281 1930 notasse!
1310 1865 1475 1946 Equidem
1583 1863 1584 1878 ³

318 1968 440 2033 nullam
462 1985 573 2031 sanam
596 1984 724 2030 oausam
746 1965 888 2031 invenio!

404 2069 531 2152 Ergone
560 2088 632 2132 oum
663 2066 852 2132 Oasaubono
881 2067 986 2132 locum
1014 2067 1061 2132 sic
1092 2067 1333 2134 transferamus:
1368 2069 1475 2145 ,haec

318 2171 427 2253 verba,
451 2170 496 2235 ait
516 2171 570 2236 As.
585 2169 632 2254 P.,
655 2167 769 2234 Latine
791 2167 920 2252 quidem
942 2172 1009 2233 tum
1032 2167 1204 2234 Caesarem
1223 2167 1366 2235 locutum
1389 2190 1473 2254 esse,

319 2272 441 2339 Graece
463 2277 612 2338 autema
634 2291 669 2336 se
692 2289 763 2336 esse
785 2269 948 2353 scripta“?

403 2374 497 2441 Esset
518 2373 614 2457 igitur
636 2371 766 2437 Asinius
789 2369 918 2452 quidam
942 2369 1060 2452 Pollio,
1088 2370 1197 2453 quiin
1220 2369 1398 2436 scribendis
1421 2391 1472 2436 re·

319 2478 378 2542 bus
392 2475 492 2558 gestis
507 2475 631 2539 Graeca
645 2472 756 2555 lingua
770 2472 932 2538 uteretur?
961 2471 1025 2548 ,At
1043 2473 1172 2538 Asinius
1192 2471 1297 2540 Pollio
1321 2472 1472 2539 Caesaris

318 2577 439 2643 amicus
468 2575 582 2641 Latine
612 2572 776 2656 scripsit!“
814 2573 914 2639 Sane!
952 2572 1088 2638 Exsistit
1117 2573 1213 2658 igitur
1234 2575 1316 2640 alter
1337 2573 1471 2640 Asinius
1583 2551 1584 2610 l

317 2677 421 2744 Pollio
444 2684 540 2758 atquc
562 2676 617 2741 ille
641 2675 771 2756 quidem
792 2675 888 2740 homo
904 2674 1055 2741 Graecus.
1091 2675 1140 2738 En
1162 2681 1330 2741 revocatur
1351 2676 1471 2741 iamin

316 2780 415 2846 vitam
432 2780 614 2846 Trallianus
635 2783 752 2860 noster,
776 2796 871 2859 quem
892 2797 989 2862 snpra
1010 2776 1225 2860 sepelivimus.
1261 2777 1376 2859 Neque
1390 2798 1470 2844 vcro

317 2883 487 2966 quicquam
516 2881 639 2948 auferre
668 2899 798 2964 possum
828 2878 869 2943 dc
896 2879 951 2963 iis,
979 2898 1062 2960 quae
1091 2878 1167 2945 dixi.
1211 2878 1340 2944 Asinius
1361 2879 1468 2945 Pollio
1583 2941 1584 2944 ,

316 2985 508 3064 Trallianus,
531 2981 635 3047 Asinii
649 2981 804 3048 Pollionis
819 2980 953 3047 libertus
969 2987 1144 3046 monstrum
1160 2986 1216 3048 cst.
1257 2982 1371 3065 Itaque
1385 2980 1467 3046 nihil
1583 3007 1584 3036 1

315 3083 516 3165 relinquitur,
539 3103 635 3164 quam
657 3087 692 3146 ut
707 3081 792 3146 hunc
807 3081 956 3146 Asinium·
967 3082 1146 3148 Pollionem
1162 3082 1308 3150 Caesaris
1323 3083 1467 3168 legatum
1583 3129 1584 3140 η

315 3184 549 3264 intellegamus.
586 3182 715 3249 Nodum
737 3186 845 3248 autem
868 3182 1036 3264 expediam
1058 3182 1120 3249 hoc
1132 3183 1243 3251 modo:
1264 3185 1466 3269 Plutarchus,
1583 3255 1584 3266 ,

315 3306 386 3352 cum
408 3287 489 3352 haec
510 3285 577 3351 fere
599 3285 699 3350 verba
714 3283 801 3369 apud
816 3288 977 3350 auctorem
991 3304 1083 3350 suum
1098 3285 1236 3368 legeret:
1257 3288 1372 3366 rabac,
1391 3279 1465 3370 (ὥς)

314 3409 397 3476 φησι
420 3387 578 3453 ,Πολλίων
593 3380 673 3468 Mo,
695 3383 737 3451 τὰ
761 3372 902 3472 ῥήματά
910 3379 1089 3467 Ῥωμαϊστὶ
1109 3385 1170 3468 μὲν
1193 3379 1464 3473 ἇνεφθέγξατθὸ

313 3496 446 3575 Καῖσαρ
469 3486 564 3576 παρὰ
586 3485 644 3554 τὸν
665 3486 741 3553 τότε
769 3485 900 3572 καιρόν,
926 3481 1109 3573 Ἑλληνιστὶ
1135 3479 1166 3551 d’
1192 3480 1253 3552 ὑπ’
1279 3485 1361 3572 ἐμοῦ
1384 3489 1464 3568 (soil.
1583 3557 1584 3560 ,

312 3591 508 3675 ascriptore
531 3589 668 3674 Graeco)
696 3593 891 3674 γέγραπται·
930 3589 1026 3655 etiam
1054 3589 1112 3654 illa
1138 3590 1238 3656 verba
1266 3583 1348 3668 „brr'
1383 3587 1465 3674 ἐμοῦ
1583 3621 1584 3626 1

312 3695 518 3778 γέγραπται“
539 3693 642 3777 ipsius
664 3691 769 3757 Asinii
790 3689 945 3756 Pollionis
968 3690 1067 3756 duxit.
1105 3690 1210 3768 Quare
1232 3690 1301 3758 fieri
1322 3714 1385 3759 non
1406 3715 1463 3778 po-

311 3793 382 3876 tuit,
406 3793 481 3874 quin
504 3794 688 3878 ambiguam
706 3793 896 3860 sententiam
911 3791 1069 3876 proderet,
1092 3792 1120 3858 si
1135 3794 1213 3859 satis
1227 3794 1341 3860 habuit
1362 3794 1461 3861 direc-

312 3900 379 3960 tam
402 3895 577 3962 orationcm
599 3896 632 3959 in
661 3894 825 3975 obliquam
855 3892 1085 3978 convertere1).
1130 3893 1165 3959 Si
1187 3894 1248 3961 hoc
1270 3915 1379 3962 vorum
1402 3903 1460 3981 est,

399 4117 422 4176 1)
434 4112 476 4166 De
488 4112 576 4169 verbis
588 4111 650 4178 loci,
663 4127 742 4181 quem
751 4112 884 4180 integrum
893 4127 952 4182 sup.
962 4128 987 4180 p.
999 4116 1048 4168 338
1058 4111 1196 4182 proposui,
1206 4110 1368 4167 Sohaeferus
1377 4113 1461 4168 verba
