3202 4862
317 362 380 424 346
753 363 884 432 Georgius
902 362 1025 432 Thouret

316 540 385 605 fere
398 537 451 602 hic
473 539 557 602 orat:
576 525 724 599 Ἀσινίου
740 535 924 610 Πωλίωνος
940 535 1104 618 (βιβλίον)
1121 535 1199 620 περὶ
1222 537 1281 600 τοῦ
1304 531 1478 622 ἐμφυλίου

316 642 374 727 τῆς
394 633 527 725 Ῥώμης
547 637 708 719 πολέμου,
724 634 761 702 ὃν
777 634 989 723 ἐπολέμησαν
1004 635 1138 722 Καῖσάρ
1153 637 1259 701 τεκαὶ
1274 635 1477 724 Πομπήιος.

402 739 528 822 Suidas,
544 738 736 821 ubicumque
751 731 834 806 buno
849 739 976 805 titulum
991 738 1121 823 invenit,
1136 738 1282 805 libellum
1297 737 1478 824 adscripsit

185 891 189 898 .
315 842 452 925 Polioni,
475 841 596 907 rhetori
611 841 734 908 Graeco
756 862 795 907 ao
816 840 1020 926 philosopho,
1043 859 1137 924 quem
1161 860 1201 906 ea
1222 845 1329 906 aetate
1344 841 1476 908 Romae

315 944 413 1010 fuisse
435 942 568 1009 sciebat.
613 942 826 1022 Quamobrem
848 940 988 1008 addidit:
1012 933 1190 1017 ὁἈοίνιος
1208 947 1418 1030 χρηματίσας
1436 953 1474 1012 et

315 1046 394 1131 περὶ
418 1045 478 1108 τοῦ
500 1039 664 1130 ἐμφυλίου
686 1070 714 1110 κ.
738 1068 766 1109 τ.
790 1044 817 1108 λ.
842 1043 911 1126 (cfr.
934 1063 1002 1127 sup.
1025 1064 1055 1129 p.
1072 1043 1157 1128 325).

787 1317 991 1326 ———-—-

691 1534 747 1600 HI.
776 1535 902 1601 Gaius
931 1533 1093 1620 Oppius.

399 1789 563 1857 Plutarchi
590 1789 676 1855 vitae
699 1788 846 1855 Caesaris
872 1795 1043 1873 postquam
1073 1808 1145 1854 eam
1173 1789 1308 1854 tractavi
1329 1797 1467 1876 partem,

315 1913 397 1978 quae
426 1892 550 1958 bellum
579 1891 673 1957 civile
703 1892 858 1973 continet,
881 1891 1020 1975 procedo
1042 1890 1085 1956 ad
1107 1891 1327 1972 quaestionem
1350 1892 1466 1959 cohae-

312 2001 436 2060 rentem
469 1991 705 2076 quodammodo
738 2013 809 2058 cum
840 1993 954 2077 priore.
1004 1993 1123 2058 Notum
1153 1996 1202 2056 cst
1230 1997 1357 2075 practer
1385 1989 1465 2058 Sue-

314 2096 434 2163 tonium
456 2095 664 2160 Plutarchum
692 2094 794 2160 solum
823 2096 865 2161 de
894 2115 933 2161 ea
961 2101 1067 2160 aetate
1096 2093 1259 2176 Caesaris,
1283 2111 1367 2175 quae
1390 2113 1465 2160 oon-

313 2198 451 2262 sulatum
475 2196 543 2262 eius
566 2195 736 2278 antecedit,
760 2196 959 2277 aliquantum
982 2196 1095 2278 egisse.
1131 2197 1180 2260 Ac
1203 2196 1349 2276 quamvis
1366 2194 1466 2260 facile

314 2317 438 2365 careres
460 2297 509 2380 iis,
533 2317 615 2381 quae
638 2297 678 2362 de
699 2297 785 2363 bello
804 2297 891 2362 civili
908 2297 1099 2362 Caesariano
1122 2297 1294 2362 memoriae
1316 2295 1465 2362 tradidit:

310 2401 449 2484 priorem
479 2400 565 2465 vitae
597 2399 684 2464 illius
717 2403 842 2481 partem
874 2397 1007 2462 maximi
1036 2416 1107 2463 esse
1136 2398 1287 2464 momenti
1315 2417 1386 2462 eum
1418 2397 1466 2463 ad

312 2501 477 2566 historiam
506 2496 761 2582 cognoscendam
789 2504 856 2564 tum
885 2497 927 2563 ad
955 2499 1177 2565 illustrandam
1203 2506 1349 2564 naturam
1370 2499 1462 2565 indo-

311 2601 439 2680 lemque
462 2621 580 2681 eorum,
602 2600 729 2682 quires
752 2599 925 2666 aGacsarc
945 2608 1053 2683 gestas
1069 2608 1292 2686 exposuerunt,
1313 2601 1463 2667 omnibus

311 2721 362 2767 me
385 2708 611 2785 persuasurum
633 2721 735 2786 spero.

396 2805 567 2871 Praeterea
587 2823 681 2870 nemo
704 2803 811 2870 adhuc
839 2802 921 2869 bane
943 2804 1163 2889 quaestionem
1184 2803 1332 2870 absolvit.
1375 2801 1462 2871 Nam

310 2905 505 2990 Heerenius‚
527 2907 718 2991 praecipuus
747 2907 804 2972 ille
826 2907 989 2972 Plutarchi
1018 2906 1226 2987 existimator,
1249 2906 1345 2972 nullis
1367 2923 1461 2988 argu·

310 3007 425 3072 mentis
454 3007 653 3072 confirmavit
679 3009 883 3090 sententiam,
912 3026 976 3088 qua
1010 3007 1145 3074 credidit
1171 3008 1376 3073 Plutarchum
1397 3008 1461 3074 hae

309 3108 342 3171 in
358 3108 426 3171 vita
439 3108 532 3189 plura
548 3105 582 3171 O.
598 3107 702 3190 Oppio
723 3105 842 3173 debere
855 3108 895 3191 ¹);
917 3111 1051 3176 Peterus
1065 3114 1182 3188 autem,
1206 3128 1268 3192 quo
1292 3110 1361 3174 loco
1384 3108 1460 3174 libri

310 3208 393 3290 sui2)
421 3208 462 3273 de
492 3206 633 3273 fontibus
661 3206 806 3291 disserit,
835 3229 875 3274 ex
906 3210 1021 3289 quibus
1043 3211 1110 3275 vita
1132 3209 1279 3276 Caesaris
1302 3209 1460 3274 exhausta

309 3310 360 3393 sit,
383 3308 550 3377 confitetur
571 3328 642 3376 sese
668 3330 734 3375 non
759 3307 878 3376 audere
905 3309 945 3375 de
968 3310 1222 3390 quattuordecim
1242 3311 1354 3396 primis
1382 3311 1459 3377 libri

309 3411 423 3496 capitis
438 3412 606 3496 quicquam
619 3411 783 3495 suspicari.
811 3411 925 3494 Itaque
937 3411 1206 3494 quemadmodum
1218 3412 1361 3496 agricola
1371 3413 1458 3478 laeto

309 3514 413 3579 animo
442 3515 633 3579 frumentum
661 3513 738 3577 serit
766 3511 799 3576 in
828 3533 954 3596 agrum,
984 3515 1037 3596 qui
1068 3514 1121 3580 diu
1152 3514 1289 3597 quievit,
1320 3513 1368 3581 sic
1396 3531 1457 3594 ego

308 3614 445 3680 libenter
476 3613 595 3681 accedo
632 3615 716 3679 hano
743 3613 786 3678 ad
815 3615 1048 3698 quaestionem
1086 3635 1183 3699 quam
1211 3615 1384 3699 perducam
1413 3614 1457 3682 ad

308 3713 411 3794 finem,
434 3716 464 3781 si
482 3721 646 3800 praestare
668 3723 788 3798 potero.

395 3935 418 3997 1)
438 3930 583 3988 Commeat.
595 3933 634 3987 IV
651 3932 685 3986 de
702 3930 769 3985 font.
787 3937 815 3986 et
831 3939 904 3988 auct.
922 3932 968 3987 vit.
987 3933 1083 4003 parull.
1102 3932 1174 3988 Plut.
1206 3935 1373 3991 Vermisobtc
1389 3934 1453 3990 hist

306 4015 392 4082 soba,
413 4014 486 4071 tht.
507 4020 581 4081 1821,
599 4016 638 4070 111
655 4032 683 4084 p.
702 4021 761 4082 411,
779 4015 830 4073 Νο.
852 4022 892 4072 11.

393 4103 418 4166 2)
435 4099 487 4155 Die
505 4101 616 4169 Quollen
632 4099 776 4156 Plutarobs
795 4107 845 4157 ete.
863 4119 889 4172 p.
911 4105 968 4157 128.
