3202 4862
370 397 673 466 sacramentario
692 395 821 466 Pollione,
842 397 1025 470 Caiooppib.
1048 399 1072 427 ”
1160 419 1163 434 ’
1214 397 1278 460 aas

120 575 263 642 coniecit
279 573 320 657 '(l.
344 575 364 639 l.
387 593 429 658 p„
443 577 514 673 3373,
529 571 572 656 ’3)
592 551 652 655 -,
678 571 825 644 Caesaris
850 569 962 676 necem
984 575 1076 657 quasi
1093 574 1171 640 'stilo
1197 575 1279 641 ulei

121 682 292 744 secreturc
309 693 414 741 nonne
437 679 682 742 consentaneum
698 681 754 741 est
782 693 869 758 eum,
884 675 951 756 *qui
973 693 1082 742 amore
1102 679 1200 757 atque
1221 673 1276 744 'de-

121 777 248 847 siderio
260 777 408 845 Caesaris
422 772 582 860 flagraret,
596 775 768 860 imaginem
783 775 869 842 illius
881 777 1077 866 expressisse
1084 777 1143 862 ita,
1158 785 1275 844 uocum

121 880 317 967 depingeret
338 880 476 946 amicum
502 878 630 964 populi,
659 897 835 962 pauperum
863 877 1122 964 suffragatorem,
1151 887 1279 966 patrem

120 983 272 1064 militum,
296 982 637 1047 Romanorum-autem
659 980 885 1064 imperatorum
907 982 1106 1047 maximum?
1214 1007 1216 1014 >
1341 989 1343 995 '

213 1083 330 1150 Evolat
345 1082 469 1168 Oppius
491 1103 510 1148 e
531 1087 705 1165 conspectu
727 1085 836 1154 nostro
859 1083 963 1149 occiso
980 1083 1128 1151 Caesare.
1165 1083 1275 1150 Cicero

121 1180 287 1272 postremo
317 1185 426 1270 paullo
456 1188 529 1267 post
557 1181 602 1249 ld.
626 1183 717 1249 Mart.
741 1186 803 1247 710
833 1183 901 1249 eius
930 1184 1123 1252 mentionem
1151 1185 1279 1268 lacit¹).‘

123 1291 245 1354 Postea
267 1288 299 1353 in
322 1287 456 1354 obscuro
471 1289 734 1366 uersaturneque
757 1283 927 1367 quicquam
950 1284 990 1352 de
1013 1293 1117 1352 morte
1136 1287 1205 1354 eius
1225 1307 1277 1354 ac,

122 1389 289 1475 cepimus„
316 1386 476 1454 Ciceronis
497 1386 598 1460 verba
621 1383 665 1470 (v.
681 1391 745 1452 not.
763 1384 794 1470 1)
817 1385 933 1454 docent
953 1387 1091 1472 Oppium
1113 1388 1154 1454 ab
1183 1387 1274 1454 Octa*

123 1492 216 1557 viani
236 1490 380 1574 partibus
402 1489 544 1555 stetisse:
566 1487 631 1552 iam
653 1487 878 1572 intellegimus,
902 1507 964 1572 quo
982 1491 1115 1557 consilio
1130 1491 1276 1557 libellum

87 1673 90 1678 Ι
123 1591 364 1677 conscripserit,
381 1608 459 1671 ·quo
482 1589 706 1656 Caesarianam
729 1590 874 1657 Caesaris
899 1591 1000 1656 lilium
1029 1611 1100 1658 esso
1127 1593 1274 1672 negabat.

122 1697 226 1761 Porro
248 1697 393 1777 apertum
416 1697 558 1758 osteum
580 1697 808 1776 postmortem
838 1693 986 1760 Caesaris
1007 1693 1123 1760 litteris
1145 1713 1276 1780 operam

124 1795 266 1862 dedisse.
310 1794 426 1860 Utrum
453 1799 560 1858 autem
588 1799 663 1857 ante
687 1791 942 1858 Sallustianam
971 1803 1044 1879 post
1066 1817 1138 1861 eum
1160 1797 1201 1863 ad
1223 1818 1277 1864 res

124 1895 314 1964 scribendas
336 1895 516 1977 accesserit,
540 1893 711 1959 diiudicari
721 1915 785 1959 non
799 1901 913 1978 potest.
946 1897 1024 1963 Utut
1040 1902 1102 1962 est:
1124 1918 1196 1964 cum
1212 1901 1274 1983 pri,

123 2012 202 2065 mus
221 1999 262 2063 ab
282 1997 492 2078 incunabulis,
515 2003 551 2060 ut
570 1997 618 2061 ita
630 1995 744 2078 dicem,
768 1995 933 2063 historiam
949 1995 1097 2064 Caesaris
1112 2001 1275 2086 scriberet,

125 2098 297 2167 etaetatis
320 2100 388 2164 eius
410 2116 481 2164 eam
502 2103 626 2182 partem
648 2098 864 2181 pertractavit,
885 2117 984 2180 ,quam
1005 2099 1175 2177 Sallustius
1197 2104 1275 2169 omi

125 2202 185 2285 sit,
206 2199 246 2268 ἐῖ
264 2201 421 2286 'temporis
443 2199 583 2284 spatium·
604 2198 762 2285 explevit,
793 2200 879 2281 quod
899 2201 982 2266 inter
1004 2201 1137 2269 Sallusti
1157 2205 1278 2290 scripta

125 2309 160 2368 et
181 2299 328 2368 Caesaris
350 2298 593 2368 commentarios
615 2301 761 2368 relictum
782 2308 863 2366 erat.
897 2302 975 2368 Cum
996 2310 1105 2371 autom
1127 2307 1168 2370 ab
1191 2327 1275 2372 auno

126 2407 189 2468 695
203 2425 237 2470 u,
251 2425 288 2486 c.,
315 2421 385 2485 quo
401 2402 520 2469 Caesar
538 2403 651 2469 consul
674 2402 743 2486 fuit,
760 2403 942 2469 noverunt
963 2405 1156 2490 incepissent
1178 2408 1273 2473 etiam

123 2505 239 2572 litteris
262 2525 334 2572 eum
356 2504 545 2590 impugnare
554 2503 590 2590 ²),
614 2525 685 2570 cum
704 2505 786 2572 inter
797 2505 904 2590 ipsam
918 2504 1081 2573 flammam
1096 2507 1274 2576 discordiae

125 2607 230 2674 civilis
250 2624 314 2672 non
338 2605 494 2688 deessent,
518 2607 571 2688 qui
588 2606 825 2688 quoquomodo
846 2613 986 2691 possent,
1010 2607 1157 2677 Caesaris
1172 2612 1272 2678 laudi-

74 2713 78 2724 ‘
125 2710 186 2775 bus
215 2709 430 2775 obtrectarent
458 2709 550 2790 eique
572 2708 737 2774 infamiam
759 2715 943 2774 moverent:
968 2708 1092 2795 'Oppius
1117 2715 1275 2796 purgabat

125 2811 298 2876 Caesarem
313 2809 597 2884 ,criminationibus
625 2808 867 2893 opprobriisque
896 2808 1159 2877 adversariorum.
1204 2815 1274 2894 Quo

123 2913 244 2977 laetum
267 2917 329 2994 est,
352 2917 387 2976 ut
409 2909 594 2994 Suetonius,
621 2910 676 2992 qui
697 2911 785 2976 solus
807 2910 903 2976 edam
925 2911 1180 2980 adversariorum
1201 2935 1272 3000 par-

126 3018 192 3078 tem
213 3011 346 3097 audivit,
369 3019 436 3078 toto
459 3013 549 3078 coelo
572 3031 592 3077 a
614 3011 785 3079 Plutarcho
808 3011 913 3078 distet.
983 3059 986 3066 ⁴

134 3163 138 3168 .
212 3112 349 3201 Oppium
374 3134 443 3181 cum
465 3113 622 3198 imprimis
644 3120 790 3180 naturam
812 3135 979 3200 moresque
995 3115 1144 3191 Caesaris
1164 3117 1274 3203 depin-

124 3233 203 3298 gere
224 3216 333 3297 vellet,
356 3236 415 3282 nec
437 3217 524 3281 bella
540 3216 665 3283 Callica
686 3237 745 3284 nec
768 3217 887 3283 bellum
909 3218 1004 3284 civile
1022 3225 1170 3298 accurate
1185 3241 1274 3302 enan

125 3335 214 3383 rasse
231 3315 382 3381 ereum.
430 3318 542 3399 ltaque
570 3318 750 3384 mirandum
777 3338 842 3382 non
871 3323 936 3402 est,
970 3319 1057 3398 quod
1085 3320 1274 3386 Plutarchus

214 3547 716 3620 cunano.x1v1,1;xvrn,s;
740 3557 827 3618 rsa.v

150 3647 153 3654 ’
212 3639 238 3700 7)
258 3635 396 3706 Compono
414 3637 536 3691 tabulam
548 3637 631 3692 hano:
649 3637 738 3692 Varro
750 3633 925 3710 (τριώρανον
935 3637 1007 3706 App.
1016 3637 1043 3690 ΙΙ
1056 3643 1070 3690 9
1083 3641 1174 3708 ειιῖῖ.);
1194 3639 1280 3704 Curio

126 3721 165 3782 (in
189 3720 356 3779 orationibus
375 3720 450 3783 Suet.
468 3721 519 3776 lul.
539 3725 563 3776 9.
582 3726 623 3777 52.
657 3721 690 3775 In
711 3723 794 3789 libro,
819 3721 865 3777 ubi
889 3738 919 3778 se
939 3725 1081 3779 exeuntem
1099 3737 1114 3776 e
1132 3729 1229 3785 senatu
1248 3729 1275 3781 et

127 3819 189 3858 cum
206 3803 297 3858 Pausa
316 3846 322 3858 .
343 3847 348 3860 .
368 3847 374 3858 .
395 3847 401 3859 .
429 3809 457 3860 εῖ
475 3820 536 3858 cum
554 3804 670 3861 Curione
687 3806 742 3862 filio
767 3809 963 3876 colloquentem
980 3806 1046 3861 fecit
1063 3807 1118 3863 Cic.
1138 3796 1213 3864 ltrut.
1232 3817 1274 3879 60,

127 3891 202 3954 2¹8);
220 3888 369 3957 Bibaculus
387 3890 519 3956 (versibus
538 3890 603 3944 Tac.
622 3907 686 3946 ann.
699 3891 737 3946 1v
750 3896 803 3962 34);
822 3892 965 3946 Memmius
983 3893 1162 3956 (orationibus
1180 3911 1273 3966 asper·

126 3973 201 4027 rimis
219 3972 292 4028 Suet.
311 3974 361 4028 Iul.
380 3977 435 4042 73);
460 3974 582 4030 Catullus
601 3976 732 4041 (versibus
748 3976 813 4031 Tac.
831 3976 882 4032 ls.
896 3983 943 4046 s.);
962 3975 1059 4032 Caluus
1078 3976 1198 4044 (famosis
1217 3980 1273 4049 epi·

125 4058 281 4126 grammatis
303 4057 378 4112 Suet.
400 4059 451 4112 Iul.
471 4065 502 4114 73
530 4058 580 4115 cfr.
600 4063 658 4128 49),
689 4060 832 4116 Dolabella
856 4062 1020 4128 (actionibus
1043 4061 1117 4116 Suet.
1139 4062 1191 4117 Iul.
1215 4066 1273 4132 4913

127 4139 243 4196 Caecina
259 4142 491 4207 (criminosissimo
508 4144 578 4199 libro
597 4143 670 4200 Suet.
690 4149 732 4212 75)
753 4151 805 4201 cto.
