3202 4862
309 364 372 426 332
720 359 722 364 ’
745 364 876 434 Georgius
895 363 1017 420 Thouret

310 538 467 606 dissensio
490 544 576 604 certo
599 536 694 604 modo
717 535 865 620 componi
892 557 955 603 non
983 541 1098 621 potest,
1122 535 1249 602 veniam
1270 537 1464 622 impetrab0‚

247 701 248 706 ,
310 661 381 708 cum
404 639 599 724 cogitatione
621 638 761 724 quadam
783 659 850 704 rem
871 638 1063 722 amplectar:

379 747 404 808 1.
427 741 557 808 Asinius
580 741 673 807 bellis
696 739 831 805 Gallicis
853 760 917 805 non
938 739 1093 824 interfuit;

374 849 403 910 2.
426 843 547 910 bellum
570 842 664 909 ciuile
686 859 810 907 summa
832 840 892 908 fuit
913 840 1118 908 historiarum
1135 840 1305 926 Pollionis;

374 950 402 1012 3.
427 965 498 1011 cum
527 945 568 1010 sit
596 942 771 1008 dilucidum
798 942 968 1027 scriptores
992 943 1026 1010 in
1056 943 1141 1010 bello
1164 941 1251 1008 civili
1281 943 1462 1011 enarrando

427 1051 555 1130 praeter
569 1043 716 1111 Caesaris
739 1045 983 1111 commentarios
1002 1045 1099 1113 etiam
1113 1044 1216 1111 Asinii
1232 1043 1372 1110 historiis
1387 1064 1463 1112 esse

426 1166 517 1214 usos:
545 1146 668 1212 nullum
692 1146 862 1227 vestigium
891 1146 1159 1232 deprehendimus
1184 1145 1462 1214 commentationis

426 1248 467 1314 de
490 1249 584 1314 bellis
607 1248 740 1314 Gallicis
763 1249 911 1316 diversae
932 1269 952 1313 a
975 1248 1123 1314 Caesaris
1145 1247 1381 1314 commentariis
1394 1247 1428 1331 1).

397 1349 519 1429 Quibus
546 1350 586 1416 de
609 1349 713 1416 causis
735 1369 850 1416 censeo
873 1350 1017 1415 Asinium
1032 1349 1210 1416 Pollionem
1229 1351 1317 1416 bella
1332 1350 1462 1416 Gallica

308 1473 373 1519 non
394 1452 548 1536 tetigisse,
570 1451 631 1516 nisi
653 1450 708 1516 ubi
729 1472 833 1517 rerum
857 1450 934 1516 ordo
957 1471 996 1515 ac
1017 1450 1117 1516 series
1138 1452 1300 1533 poscebat.
1346 1452 1461 1532 Itaque

310 1574 382 1619 cum
410 1553 491 1619 duos
512 1552 615 1618 libros
641 1552 673 1617 in
701 1553 914 1636 prooemium,
944 1558 978 1617 ut
1006 1551 1052 1617 ita
1074 1551 1195 1635 dicam,
1218 1552 1324 1637 operis
1347 1571 1460 1620 consu-

308 1661 419 1738 meret,
440 1653 511 1719 fieri
532 1654 645 1738 potuit,
668 1657 703 1719 ut
726 1653 906 1736 quindecim
930 1654 1021 1720 libris
1043 1673 1094 1720 res
1117 1673 1217 1736 usque
1239 1653 1282 1719 ad
1302 1654 1461 1738 proelium

308 1755 515 1840 Philippense
529 1761 638 1840 gestas
653 1756 830 1841 explicaret
840 1754 874 1837 2).
907 1756 976 1821 Hoc
997 1757 1100 1837 magis
1122 1755 1369 1839 cogitationibus
1388 1775 1460 1822 con-

310 1858 433 1924 clusum
457 1875 553 1938 quam
575 1857 683 1923 stricte
704 1878 725 1922 a
747 1878 798 1923 me
821 1855 1072 1924 demonstratum
1095 1876 1165 1924 esse
1182 1857 1284 1924 libere
1299 1855 1459 1941 profiteor.

394 1959 501 2040 Atque
522 1957 611 2025 haud
632 1959 697 2025 scio
721 1979 762 2023 an
782 1959 913 2024 miretur
936 1958 1061 2042 aliquIs,
1085 1959 1172 2041 quod
1194 1978 1253 2042 ego
1276 1957 1381 2023 adhuc
1403 1977 1459 2024 eos

309 2061 481 2144 scriptores
503 2081 567 2125 non
589 2060 795 2143 respexerim,
819 2060 874 2140 qni
896 2060 1036 2126 omnium
1051 2060 1190 2127 virorum
1207 2059 1371 2127 doctorum
1386 2078 1459 2125 con-

308 2180 405 2228 sensu
428 2181 470 2228 ex
491 2161 595 2227 Asinii
621 2160 762 2228 historiis
790 2161 979 2228 hauserunt:
1012 2161 1083 2227 dico
1105 2161 1311 2228 Plutarchum
1340 2163 1372 2226 et
1393 2161 1458 2244 Ap·

307 2263 447 2347 pianum.
493 2261 557 2327 Gur
583 2283 646 2328 non
674 2263 885 2347 respexerim‚
911 2263 1057 2329 omnibus
1080 2282 1174 2344 spero
1197 2282 1248 2328 me
1272 2280 1343 2328 esse
1366 2261 1458 2327 satis-

307 2365 474 2430 facturum.
531 2363 655 2430 Causae
688 2371 783 2430 notae
817 2369 906 2444 sunt,
947 2363 1062 2444 quibus
1095 2364 1244 2431 commoti
1276 2360 1458 2446 1111311103),

308 2464 528 2548 Eyssenhardt
538 2464 582 2548 4),
617 2466 712 2530 Peter
722 2463 766 2546 5),
802 2463 858 2528 alii
889 2471 1078 2531 censuerunt
1106 2464 1290 2549 Appianum
1317 2463 1458 2531 secundo

308 2564 390 2630 libro
413 2563 454 2630 de
477 2565 562 2630 bello
586 2565 674 2631 civili
689 2564 882 2632 Caesariano
898 2565 1015 2651 scripto
1030 2566 1176 2632 Asinium
1191 2566 1370 2632 Pollionem
1384 2585 1458 2630 auc-

308 2671 409 2730 torem
432 2686 504 2732 essc
527 2671 679 2732 secutum.
721 2664 855 2750 Singula
877 2687 949 2733 curn
970 2669 1004 2733 in
1027 2690 1123 2735 unum
1146 2669 1311 2751 colligeret
1333 2665 1459 2732 Bailleu

308 2766 531 2836 dissertatione
553 2768 648 2852 suat)
671 2768 889 2836 demonstrare
911 2770 1012 2836 voluit
1033 2771 1216 2857 Appianum
1238 2768 1328 2835 libris
1355 2769 1459 2834 11-v

308 2870 339 2935 b.
363 2870 422 2936 civ.
446 2890 550 2954 paene
572 2871 674 2937 solum
696 2871 843 2937 Asinium
856 2871 1035 2937 Pollionem
1057 2871 1262 2955 expressisse.
1307 2869 1387 2935 Gum
1402 2891 1457 2935 au·

307 2978 373 3038 tem
388 2970 564 3055 Appianus,
587 2977 757 3054 postquam
779 2973 1029 3039 coniurationem
1044 2972 1201 3039 Gatilinae
1223 2971 1335 3054 paucis
1350 2969 1456 3037 verbis

307 3168 457 3237 (Quintiil
475 3175 499 3234 5,
518 3174 559 3223 56.
579 3169 644 3224 VIII
665 3175 685 3235 1,
705 3172 739 3236 3).
776 3172 919 3226 Gaesarem
937 3172 997 3239 (cfr.
1016 3175 1071 3226 not.
1091 3175 1124 3239 5).
1161 3171 1316 3226 Ciceronem
1335 3171 1456 3238 (Seneca,

308 3271 381 3310 suas.
400 3254 438 3310 VI
457 3259 523 3308 extr.
544 3254 586 3308 ed.
603 3253 664 3323 Bip.
683 3271 708 3324 p.
728 3259 774 3323 373
794 3255 884 3323 Quint.
904 3256 957 3310 XII
981 3262 1002 3324 1,
1022 3260 1074 3320 12).

395 3345 419 3405 1)
437 3339 543 3405 Libelli,
562 3339 595 3393 de
613 3340 710 3407 quibus
729 3356 812 3410 supra
830 3341 873 3409 egi
890 3339 949 3410 (cir.
968 3357 996 3410 p.
1017 3345 1084 3407 330),
1104 3339 1149 3394 hic
1167 3341 1242 3395 nullo
1258 3343 1323 3395 sunt
1334 3354 1454 3394 nurnero.

393 3429 420 3491 2)
437 3423 612 3478 Hendecourt
630 3424 695 3478 dicit
713 3429 748 3492 (p.
768 3430 824 3490 iit:
845 3430 914 3480 cette
932 3442 1030 3480 ceuvre
1049 3426 1216 3495 comprenait
1237 3424 1315 3480 XVII
1332 3424 1411 3478 Ilvres
1430 3429 1457 3477 et

305 3509 383 3563 allait
404 3509 664 3579 probablement
682 3508 855 3578 jusqu'apres
879 3511 904 3564 la
929 3511 1039 3565 bataille
1063 3511 1208 3565 d’Actium.
1244 3509 1349 3563 Aulard
1367 3513 1457 3562 autem

305 3596 387 3648 tecet.

392 3681 417 3742 3)
436 3675 477 3730 De
495 3676 549 3731 fide
567 3683 593 3732 et
610 3678 773 3732 auctoritate
790 3678 918 3747 Appiani,
938 3679 1110 3748 GroenIngeu
1130 3681 1203 3744 1855,
1221 3694 1248 3747 p.
1268 3681 1300 3732 35
1319 3692 1378 3747 sqq.

316 3751 321 3756 “
392 3764 419 3827 4)
435 3760 470 3814 Ν.
489 3760 584 3815 sauro.
603 3761 621 3816 r.
641 3762 673 3816 01.
693 3762 762 3816 Phil.
782 3767 822 3828 ss,
844 3768 917 3832 raca,
935 3781 961 3833 p.
981 3769 1030 3818 css
1049 3780 1108 3832 sqq.

393 3849 419 3910 5)
435 3843 488 3898 Die
513 3845 626 3913 Quellen
649 3845 802 3900 Plutarch's
826 3847 854 3901 in
877 3847 930 3902 den
953 3849 1149 3918 Biographieen
1171 3847 1219 3902 der
1241 3846 1352 3911 Rhmer,
1376 3843 1455 3898 Helle

308 3936 382 3997 1865,
399 3947 426 3998 p.
448 3934 496 3983 124
512 3946 571 3998 sqq.

391 4020 417 4083 6)
435 4014 574 4082 Quomodo
598 4014 740 4083 AppIanus
762 4015 791 4069 In
814 4015 945 4072 bellorum
972 4019 1089 4074 civilium
1115 4018 1190 4073 libris
1215 4016 1306 4072 II-V
1329 4031 1397 4070 usus
1421 4013 1457 4067 sit

305 4098 394 4156 Asiuii
411 4099 540 4154 Pollionis
558 4099 687 4154 hIstoriis.
725 4101 867 4170 Gottingae
888 4106 960 4156 1814.
