3202 4862
372 397 406 454 de
424 397 561 463 Cicerone,
579 396 679 452 hulmo
693 397 824 463 Pollione,
834 406 837 417 ·
847 397 915 453 Gaio
934 397 1031 468 Oppio.
1213 397 1282 458 :355

122 592 193 638 sar·
207 569 519 650 mllumnumerum
540 568 677 638 meruti
703 567 794 650 Quae
816 572 887 636 cum
908 569 956 636 ita
973 569 1046 654 sint,
1068 591 1132 637 mon
1147 575 1206 658 est,
1229 593 1285 640 our

125 672 354 742 exhumanda
369 670 589 738 ‹uluureuum
614 671 650 736 iu'
679 671 865 744 euamandis
890 671 1003 738 hellis.
1020 670 1160 739 Gallicis·
1185 675 1284 742 alium

133 774 321 858 scriptorem
349 777 492 861 secutum
519 793 608 860 esse,
638 793 735 856 quam
758 773 809 842 cui
831 774 949 841 debeat
973 773 1140 840 historiam
1161 775 1285 860 primae

134 876 425 947 aetatisCaesaris.
464 876 730 960 atque'unures
752 875 810 942 hic·
825 876 918 944 nobis
933 875 1188 944 auxilioveuit:
1211 887 1285 946 sun-t

129 979 401 1074 narratiunculae,
425 970 504 1062 quas
525 979 559 1044 in
582 977 818 1063 bellisquoque
832 977 968 1045 Gallicis
989 978 1084 1044 modo
1098 979 1168 1046 'hoc
1180 980 1284 1048 modo

126 1082 195 1148 -illo
216 1083 287 1148 loeo
301 1079 583 1165 deprehendimus.
619 1079 735 1148 Refero
752 1081 825 1147 has:
848 1101 874 1146 c.
893 1084 941 1146 18.
978 1081 1015 1148 In
1037 1083 1160 1167 proelio
1175 1089 1286 1151 contra

135 1183 302 1260 Heluetios
318 1179 710 1253 commurmurantes
734 1183 919 1266 Caemrem,
949 1183 1022 1250 our'n
1051 1184 1208 1266 eicequns
1229 1185 1285 1251 dd·
1329 1262 1332 1268 ¹

136 1290 241 1354 motus
264 1293 364 1370 esset,-
389 1285 469 1351 haec
490 1285 590 1351 verba
611 1286 797 1366 loquentem
818 1285 909 1352 facit:
938 1282 1286 1374 codcrppluseapoue

132 1385 313 1476 χρήσομαι,Ι
336 1389 392 1453 νῦν
415 1385 451 1452 δὲ
473 1383 657 1470 'tenerrimi
679 1383 757 1464 curig
777 1386 964 1469 πολεμίους
975 1386 1009 1471 ¹).
1033 1407 1123 1453 -εο,
1142 1391 1191 1454 liu
1228 1389 1286 1453 Ar-

135 1491 229 1560 uerni
241 1487 472 1573 gladiolum'in·
481 1491 556 1555 iano
571 1483 946 1574 suspensumhabebant,
963 1495 1127 1572 tamquam
1139 1489 1287 1557 Caesaris

136 1591 260 1676 spolia3
281 1591 368 1674 quod
391 1611 462 1658 oum
476 1597 591 1674 postea
604 1591 731 1661 videret
746 1589 875 1674 Caesar,
898 1592 1029 1658 subrisit
1043 1609 1154 1676 ¹neque
1169 1591 1287 1658 raruicis
1363 1583 1379 1614 '

137 1693 303 1776 concessit,
326 1697 361 1757 ut
379 1690 583 1776 diriperetur.
603 1723 653 1743 ψ
670 1710 697 1759 c.
720 1691 905 1760 27.'1Aleeia
931 1691 1026 1778 capta
1048 1693 1287 1778 Vercingetorix

136 1793 218 1860 belli
238 1793 305 1860 dun
326 1794 359 1863 in
380 1797 488 1861 castra
504 1794 650 1860 &mana
671 1813 706 1861 se
729 1795 871 1862 eontulit.
909 1794 971 1874 Qui
994 1793 1065 1860 cum
1084 1795 1206 1862 nitidus
1227 1795 1305 1863 ful.

137 1911 215 1980 gore
230 1893 418 1962 ‘armorum'
433 1911 516 1977 equo
540 1899 656 1963 rectus
688 1891 947 1982 splendidissime
980 1901 1134 1964 exornato
1163 1904 1289 1982 portam

136 1999 289 2064 intrasset
303 1997 538 2080 Caesaremque
552 1995 717 2065 sedentem
732 1997 1001 2080 circumvolasset,
1026 2014 1109 2080 equo
1124 1996 1289 2074 descendit

128 2099 324 2183 -quievitque
347 2099 390 2166 ad
410 2097 515 2184 podes
532 2099 691 2167 Caesaris.
1182 2149 1184 2156 .

224 2203 293 2267 Iam
323 2197 515 2286 sisingulis
543 2201 703 2268 inunum
738 2201 881 2268 collectis
916 2200 1114 2284 quaerimus,
1141 2199 1290 2284 quiscum

136 2304 244 2388 fuerit,
268 2320 362 2386 quem
377 2302 566 2370 Plutarchus
587 2302 622 2368 in
644 2302 863 2388 prioreparte
885 2303 972 2368 vitae
994 2303 1141 2368 Caesaris
1163 2310 1290 2370 secutus

128 2407 181 2473 sit
207 2411 386 2473 auctorem:
415 2403 476 2472 hoo
504 2425 576 2472 meo
605 2404 673 2470 iuro
702 2403 862 2472 affirmare
890 2403 970 2470 mihi
990 2403 1103 2470 videor
1125 2404 1290 2472 Caesaria-

138 2525 215 2574 num
239 2505 400 2590 quendam
414 2507 522 2590 fuisse,
545 2505 661 2572 intima
678 2506 823 2573 amicitia
836 2526 908 2572 cum
923 2505 1065 2574 Caesare
1080 2506 1290 2578 coniunctum.

139 2613 225 2678 Nam
252 2607 362 2692 utique
389 2610 568 2678 Caesarem·
591 2607 718 2690 laudat,
749 2610 864 2691 utique
886 2610 1074 2694 popularem
1104 2615 1202 2692 atque
1224 2609 1291 2674 Ma-

140 2714 264 2780 rianum
293 2710 450 2796 depingit,
479 2731 544 2779 non
565 2710 621 2794 qui
644 2728 779 2792 regnum
801 2710 1015 2796 affectaverit,
1043 2709 1103 2778 sed
1124 2712 1180 2792 qui
1202 2712 1292 2777 nobi·

134 2812 244 2880 ‘litatis
270 2812 520 2880 dominationem
547 2812 690 2897 inegerit.
732 2813 795 2878 Pro
825 2810 971 2876 amicitia⁴
994 2830 1167 2894 amoreque
1195 2816 1292 2894 auget
1323 2869 1326 2876 .

141 2915 380 3002 amplificatque
402 2934 454 2982 res
476 2906 650 2982 aCaesare
671 2920 789 2999 gestes.
833 2913 917 2992 Quia
938 2918 1047 2979 autem
1065 2913 1214 2996 exempla
1236 2911 1292 2980 do-

142 3024 225 3102 cent,
247 3017 508 3084 narmhuuoulue:
524 3013 628 3082 ordini
650 3015 911 3098 rerumlnserult,
928 3015 1044 3097 quibus
1060 3014 1159 3085 vitam
1175 3033 1292 3082 moress

145 3138 207 3203 que
222 3119 370 3186 Caesaris
392 3118 575 3184 illustraret.
610 3117 866 3186 Commoneiacio
880 3117 1011 3184 fabulae
1028 3117 1115 3184 illius
1138 3117 1294 3184 iucundae

132 3215 186 3290 ·d'e
207 3221 349 3305 gladiolo
371 3221 595 3287 Arvernorum.
638 3221 756 3288 Nonne
777 3219 937 3287 hominem
959 3217 1073 3285 audire
1092 3219 1188 3286 nobis
1207 3219 1294 3286 vide·

131 3342 232 3408 ¹stiur,
259 3323 407 3408 qui-ipse
428 3322 475 3389 rei
496 3322 690 3406 interfuerit,
710 3319 1002 3388 ‘cuthlutarchus
1030 3327 1137 3396 naret
1159 3319 1199 3400 (e.
1223 3319 1295 3404 iil:

143 3423 162 3490 ὃ
191 3422 373 3512 (ξιφίδιον)
401 3421 613 3508 θεασάμενος
642 3415 742 3500 αἰαὸς
771 3420 918 3504 (caesar)
948 3416 1118 3502 ἐμειδίασε
1145 3421 1202 3484 καὶ
1230 3421 1296 3484 τῶν
1327 3496 1331 3505 .

145 3527 255 3614 φίλων
275 3527 431 3594 καθελεῖν
453 3524 651 3612 κελευόντων
675 3515 732 3592 οὐκ
755 3523 866 3590 ε’ίασεν
889 3518 978 3609 ἱερὸν
1000 3516 1189 3608 ἡγούμενος.

233 3627 299 3696 Sed
322 3648 414 3712 quem
437 3629 660 3697 nominemus?
690 3628 747 3712 Cp.
767 3630 847 3711 tm
872 3624 994 3709 Oppius
1016 3624 1108 3690 testis
1129 3623 1295 3710 protertur.

144 3721 308 3798 Plutarchi
336 3732 436 3800 verba
463 3731 558 3798 haee:
588 3727 622 3796 ἒν
648 3727 753 3816 ἐκείνῃ
773 3731 822 3814 τῇ
851 3729 1009 3814 στρατείᾳ
1030 3723 1298 3814 προσεξήσκησεν

5 3875 6 3882 .
118 3830 376 3916 ,ἱππαζόμενος
398 3831 458 3923 νὰς
481 3829 662 3909 ἐπιστολὰς
684 3826 902 3917 ὑπαγορεύειν
924 3828 978 3893 καὶ
996 3826 1095 3920 docio
1112 3822 1197 3911 ὁμοῦ
1218 3825 1298 3914 γρά-

5 3949 6 3994 3
135 3955 268 4023 Ιφοοαεν
291 3931 447 4017 ἐξαρκεῖν,
470 3929 516 4012 ὥς
539 3929 575 4000 dd
590 3929 740 4024 Ὄππιός
763 3954 857 4020 φησι,
879 3931 935 3996 καὶ
957 3931 1103 3996 πλείοσι.
1142 3925 1145 3938 '

5 4041 6 4068 l

147 4075 352 4104 ““““1“”“““’.““””“.“““

5 4135 24 4290 ¹?
197 4113 199 4121 Ι
235 4157 260 4221 1)
278 4153 459 4222 Paraphrasis
476 4153 546 4210 haee
563 4153 616 4209 loci
635 4152 774 4210 cuiusdam
785 4152 814 4206 in
827 4151 1024 4206 commentariis
1037 4147 1160 4206 Caesaris
1172 4148 1196 4212 tl
1208 4151 1250 4216 25,
1265 4151 1299 4215 t).
