3202 4862
377 392 410 447 de
428 391 566 455 Cicerone,
585 389 678 444 Asinio
697 385 828 457 Pollione,
847 389 914 444 Gaio
933 389 1029 458 Oppio.
1220 386 1281 446 323

131 562 277 646 Vestigia
298 561 386 629 haud
408 560 523 628 desunt
543 561 603 628 sed
623 579 725 647 prope
748 561 854 626 deleta
873 567 954 643 suut,
977 565 1073 640 atque
1089 559 1197 626 deleta
1211 566 1283 626 sunt

134 687 204 733 eam
225 666 331 750 ipsam
359 665 400 730 ob
428 683 574 746 causam,
605 662 690 745 quod
713 662 824 728 Cicero
847 667 879 728 et
904 661 1075 728 Sallustius
1097 663 1282 728 memoriam

132 768 218 834 illius
248 767 363 833 aetatis
392 771 554 850 tamquam
577 763 730 847 fixerunt,
761 783 893 846 quorum
923 770 1055 845 uterque
1083 763 1122 830 de
1146 763 1283 831 Caesare

133 874 244 954 aperte
267 868 373 935 dicere
396 861 503 933 noluit.
1096 879 1098 882 ·

219 971 310 1038 Unus
332 975 427 1051 atque
455 969 542 1034 solus
565 966 734 1034 Suetonius
757 963 976 1031 adversariam
1001 971 1124 1048 partem
1150 964 1282 1034 audivit.

221 1074 284 1150 ,At
300 1070 430 1137 Caesari
444 1086 618 1150 numquam
628 1066 811 1152 placuisset,
827 1066 984 1133 secundas
996 1073 1103 1151 partes
1120 1073 1238 1151 agere“
1250 1067 1283 1150 ¹).

53 1245 56 1250 ¹
135 1172 250 1239 Adhuc
265 1193 358 1240 nemo
374 1170 607 1236 demonstravit
627 1169 797 1235 Caesarem
813 1175 909 1235 autea
923 1169 1074 1253 primas
1090 1168 1205 1252 egisse,
1220 1190 1284 1238 uon

135 1275 294 1341 Crassum.
325 1272 441 1338 Adhuc
459 1292 551 1339 nemo
574 1273 790 1338 demonstrare
811 1270 914 1355 potuit
936 1270 1107 1336 Caesarem
1122 1279 1196 1338 ante
1212 1293 1284 1338 eon-

136 1377 274 1442 sulatum
297 1375 400 1440 virum
423 1373 529 1456 magni
552 1372 671 1456 ingenii
688 1392 723 1438 se
738 1372 942 1457 praestitisse.
974 1371 1154 1455 Caesarem,
1177 1372 1205 1438 si
1220 1373 1285 1438 iam

135 1481 203 1544 tum
226 1475 267 1541 de
288 1495 387 1558 regno
410 1475 564 1557 cogitaret
573 1474 610 1557 ²),
632 1474 801 1540 insaniisse
824 1494 887 1539 non
911 1493 1025 1540 vereor
1047 1471 1163 1541 dicere.
1201 1473 1286 1553 Quid

138 1577 222 1644 enim
245 1584 319 1642 tunc
340 1576 483 1660 pollebat
504 1576 537 1642 in
559 1596 594 1642 re
616 1573 808 1660 publica³)?

221 1678 334 1760 Itaque
357 1699 420 1743 non
443 1684 501 1760 est,
525 1697 581 1745 cur
601 1697 753 1761 negemus
772 1677 942 1742 Caesarem
966 1696 1037 1742 cum
1053 1675 1191 1742 Catilina
1213 1698 1285 1744 eon-

137 1780 285 1864 spirasse.
323 1781 374 1844 An
397 1781 427 1846 ei
449 1799 550 1844 novas
572 1779 699 1845 tabulas
721 1777 922 1862 displicuisse
945 1778 1071 1844 credis?

222 1881 345 1960 Quibus
368 1881 514 1948 omnibus
537 1881 579 1946 de
597 1880 701 1946 causis
716 1899 829 1946 censeo
845 1878 1084 1946 diiudicandum
1099 1880 1191 1946 nobis
1207 1901 1287 1965 esse,

136 1989 241 2051 utrum
257 1983 409 2049 Suetonio
430 1981 526 2048 fidem
548 1982 725 2048 habeamus
748 2001 856 2047 necne.
886 1981 997 2046 lohnio
1018 1980 1146 2063 quidem
1162 1982 1287 2063 accidit,

137 2091 172 2150 ut
194 2085 367 2150 eommunis
389 2085 495 2150 famae
518 2083 610 2164 quasi
632 2081 804 2162 imaginem
830 2079 988 2148 redderet.
1033 2082 1118 2149 Nam
1139 2087 1225 2149 tacet
1246 2081 1287 2148 de

137 2187 284 2252 Caesare.

224 2289 316 2354 Hanc
339 2287 557 2368 quaestionem
578 2285 666 2351 movi
687 2305 725 2350 eo
747 2285 818 2368 ipso
841 2285 982 2368 consilio,
1005 2290 1039 2351 ut
1061 2305 1123 2350 uno
1140 2285 1288 2369 exemplo

139 2409 215 2457 usus
238 2389 396 2473 docerem,
420 2392 616 2471 quantopere
640 2390 773 2454 eventus
795 2406 899 2452 rerum
921 2407 1055 2470 prosper
1076 2386 1142 2452 iere
1163 2403 1290 2469 semper

139 2493 264 2559 animos
285 2497 429 2556 veterum
452 2488 745 2573 praeoccupaverit.
784 2488 902 2554 Caesar
923 2489 974 2554 vir
995 2507 1130 2571 magnus
1152 2493 1201 2554 est
1216 2486 1289 2554 erit-

141 2613 220 2677 que,
251 2591 376 2657 etiamsi
398 2590 556 2656 Catilinae
579 2591 683 2657 socius
708 2597 757 2655 est
779 2590 1019 2658 existimandus.
1064 2592 1115 2656 An
1137 2591 1224 2657 solus
1247 2591 1289 2656 ab

140 2693 341 2760 incunabulis
363 2693 457 2758 homo
479 2691 639 2777 perfectus
661 2691 744 2758 fuir?
781 2694 854 2758 Mea
883 2693 1011 2777 quidem
1039 2693 1199 2759 sententia
1227 2713 1290 2758 uon

143 2792 238 2862 modo
260 2794 360 2859 maior
382 2792 440 2859 sed
463 2794 559 2859 etiam
581 2793 693 2859 melior
714 2795 817 2860 iaetus
840 2800 896 2861 est.

236 2895 378 2978 Quaero,
408 2895 560 2977 quidnam
590 2895 747 2976 reliquum
777 2895 953 2961 habeamus
982 2915 1023 2960 ex
1052 2893 1197 2959 omnibus
1225 2893 1291 2960 illis

141 2998 277 3082 scriptis,
300 2997 415 3078 quibus
438 2997 590 3080 aequales
614 2996 783 3064 Caesarem
805 2996 1055 3082 impugnarunt?
1091 2996 1223 3063 Praeter
1241 2996 1290 3062 Ci-

142 3197 223 3252 dicit:
243 3197 369 3260 ,Mochte
388 3212 417 3252 er
435 3197 486 3264 (Cu
505 3215 562 3251 nun
579 3198 644 3252 aber
661 3198 739 3252 nicht
755 3214 824 3267 gana
842 3198 1018 3266 unbetbeiligt
1035 3197 1093 3252 sein
1107 3197 1173 3252 oder
1185 3198 1292 3253 moohte

143 3297 187 3346 er,
210 3298 265 3337 uas
288 3281 336 3335 dar
355 3282 649 3349 Wabrscheinlichere,
672 3298 722 3337 aus
745 3283 873 3350 Klugbeit
896 3281 955 3336 sich
972 3280 1052 3347 vbllig
1068 3282 1293 3350 aurdckgezogen

143 3365 246 3420 haben:
265 3381 296 3420 so
314 3369 367 3418 etc.
404 3364 504 3420 Contra
521 3366 705 3422 Mommsenus
723 3367 766 3430 (R.
778 3366 824 3420 ΘΞ*
836 3365 875 3418 lIl
892 3381 919 3433 p.
934 3367 991 3427 183)
1009 3363 1112 3418 iudicat
1125 3361 1253 3418 Crassum
1265 3369 1293 3418 et

146 3451 289 3504 Caesarem
307 3454 432 3504 auctores
451 3455 478 3502 et
494 3450 632 3519 principes
651 3450 845 3505 coniurationis
863 3448 956 3503 fuisse.
986 3447 1039 3502 Sed
1056 3453 1195 3501 auctorem
1208 3448 1293 3504 fuisse

145 3536 289 3590 Caesarem
306 3549 384 3588 nemo
401 3538 491 3603 potest
506 3535 698 3590 demonstrare.
729 3534 821 3602 Lange
832 3536 860 3589 in
876 3539 999 3598 neutram
1011 3537 1115 3602 partem
1127 3531 1292 3590 diiudicarit.

144 3619 287 3688 Napoleon
304 3622 395 3673 autem
412 3619 478 3674 dicit
494 3619 522 3686 ll.
532 3620 550 3674 l.
560 3637 588 3688 p.
599 3622 656 3685 76):
676 3619 699 3674 ll
716 3624 757 3674 est
774 3618 853 3675 facile
871 3619 905 3674 de
923 3634 952 3675 se
972 3617 1131 3673 convaincre
1143 3633 1195 3686 que
1208 3617 1294 3674 Cesar
1347 3661 1350 3664 .

144 3703 242 3760 n’etait
259 3703 336 3772 point
354 3721 391 3758 un
411 3705 607 3774 conspirateur.

234 3792 258 3851 l)
277 3787 330 3842 Cir.
348 3787 443 3857 Hagen
460 3806 486 3858 p.
506 3793 569 3857 2813
591 3789 661 3843 Iohn
678 3805 704 3858 p.
725 3792 782 3843 816.

233 3876 258 3936 2)
277 3871 331 3926 Cfr.
350 3872 491 3927 Drumann
508 3873 548 3926 ΙΙΙ
570 3877 628 3942 ¹⁷⁷3
653 3873 751 3942 Napol.
769 3873 787 3926 l.
806 3887 826 3926 s.
844 3887 865 3926 s.
885 3887 912 3940 p.
932 3875 973 3928 ll.

232 3963 257 4019 3)
275 3953 427 4025 Napoleon
445 3957 605 4013 immodicus
619 3958 741 4013 Caesaris
754 3957 918 4022 aestimator,
930 3955 1082 4025 praedicat:
1105 3955 1188 4012 cesar
1199 3957 1295 4012 n'etait

145 4057 197 4112 pas
218 4042 255 4097 du
277 4042 390 4097 nombre
414 4045 460 4098 des
486 4043 625 4112 conjures3
650 4043 691 4097 s'il
708 4058 742 4097 en
759 4043 804 4096 eut
822 4041 878 4108 ete,
903 4057 953 4097 son
973 4039 1106 4096 influence
1124 4043 1213 4096 aurait
1230 4042 1294 4097 sulii

147 4142 218 4198 pour
234 4127 274 4181 les
291 4126 360 4182 faire
378 4128 514 4183 absoudre
533 4144 566 4182 en
583 4127 717 4198 triompbe
734 4131 769 4197 (p.
789 4130 884 4196 lulli).
