3202 4862
301 350 362 412 344
738 351 869 422 Georgius
888 353 1009 406 Thouret

301 527 450 611 princeps
472 525 567 592 domo
589 545 648 592 sua
669 523 888 609 interdixerat,
912 532 996 592 tecto
1019 525 1173 610 reciperet
1186 521 1220 608 ¹),
1235 559 1278 570 -
1296 525 1453 611 quisnam,

300 630 448 712 inquam,
472 626 632 711 crederet,
662 626 808 695 Asinium
835 648 898 694 non
926 627 1029 694 solum
1058 625 1292 692 commentariis
1315 627 1452 712 Augusti

300 751 393 799 usum
423 750 493 798 esse
523 729 566 796 ad
594 749 645 796 res
678 729 901 814 exponendas,
932 729 1046 814 quibus
1073 727 1143 813 ipse
1165 728 1369 812 interfuisset,
1393 728 1454 795 ssd

301 834 398 901 etiam
426 831 595 898 mendacia
623 851 663 898 ex
691 831 731 896 iis
759 831 986 916 assumpsisse!
1034 827 1102 912 (cfr.
1133 830 1216 915 App.
1240 830 1349 896 11195
1380 851 1454 897 cum

271 927 275 934 “
301 937 388 1002 Suet.
411 934 442 1000 d.
464 935 545 1016 Aug.
569 932 633 1015 27.)

386 1038 433 1102 Ac
462 1055 502 1100 ne
532 1039 711 1118 temporum
734 1032 863 1116 quidem
892 1033 1008 1099 rationi
1036 1032 1097 1099 hcc
1126 1040 1323 1118 congrueret.
1368 1035 1455 1101 Nam

299 1138 429 1205 Asinius
460 1135 564 1204 Pollio
602 1134 770 1203 scribendo
804 1142 873 1202 crat
905 1142 1077 1220 occupatus
1108 1157 1191 1202 anno
1221 1140 1284 1200 724
1313 1157 1344 1202 a.
1373 1136 1453 1222 u.²),

300 1241 463 1323 Augustus
485 1245 592 1305 autem
619 1257 672 1304 res
700 1257 774 1304 suas
797 1236 988 1304 Cantabrico
1018 1241 1110 1303 tenus
1133 1237 1218 1304 bello
1241 1237 1274 1320 (i.
1298 1258 1325 1304 e.
1348 1258 1452 1320 usque

301 1342 344 1407 ad
365 1362 436 1406 ann.
461 1339 538 1421 729)
568 1337 658 1407 libris
687 1339 727 1406 de
757 1339 824 1406 vita
852 1357 910 1405 sua
939 1339 1087 1423 exposuit
1097 1337 1131 1422 3).
1183 1340 1295 1425 Itaque
1324 1339 1455 1407 Baillcu

301 1445 444 1510 conicere
466 1462 569 1528 paene
591 1441 713 1522 cogitur
735 1461 808 1506 eum
830 1441 967 1517 ,librum
991 1447 1064 1525 post
1085 1440 1202 1507 librum
1224 1441 1452 1526 conscripsisse

300 1552 398 1626 atque
422 1543 561 1610 edidisse
569 1547 591 1608 “.
614 1541 648 1626 (l.
672 1543 692 1607 l.
716 1563 747 1628 p.
772 1547 811 1606 53
834 1541 891 1626 in.)
926 1543 1026 1608 Immo
1049 1561 1127 1608 vero
1150 1542 1266 1610 rectius
1289 1542 1454 1610 Weicher-

298 1654 350 1712 tus
380 1647 442 1711 hac
464 1645 505 1711 de
527 1665 561 1710 re
591 1644 671 1710 mihi
698 1643 824 1710 videtur
845 1644 1018 1727 iudicasse,
1046 1664 1117 1711 cum
1138 1646 1313 1730 permultas
1334 1646 1453 1712 afferat

300 1769 430 1832 causas,
461 1747 575 1832 quibus
598 1754 774 1812 commotus
802 1767 866 1812 non
888 1745 1028 1829 dubitat,
1051 1746 1149 1828 ,quin
1171 1749 1334 1832 Augustus
1362 1746 1452 1814 vitae

299 1869 377 1916 suae
399 1847 489 1915 laudi
511 1854 543 1915 et
566 1849 738 1915 memoriae
753 1847 839 1930 apud
853 1847 1007 1931 aequales
1025 1854 1234 1933 posterosque
1249 1849 1452 1914 consulturus

298 1973 357 2038 per
379 1951 540 2018 biennium
562 1952 628 2018 fere
650 1971 679 2014 a.
697 1953 843 2014 732-33
866 1955 1038 2030 antequam
1058 1949 1092 2015 in
1106 1951 1218 2015 Asiam
1241 1951 1353 2034 abiret,
1377 1970 1450 2016 oon-

299 2055 404 2121 silium
433 2053 552 2137 ceperit
579 2051 736 2118 exarandi
765 2052 888 2133 aliquot
916 2050 1015 2117 libros
1042 2050 1083 2117 de
1105 2052 1174 2127 viia
1196 2051 1322 2136 sua“4).
1367 2052 1450 2119 Lon-

298 2175 374 2238 gum
403 2162 451 2221 est
480 2174 593 2221 causas
621 2159 776 2237 repetere.
823 2153 925 2218 Unam
953 2152 1054 2219 addo:
1083 2153 1261 2236 Augustum
1284 2162 1359 2222 ante
1385 2157 1451 2220 An-

298 2259 377 2324 tonii
400 2263 534 2323 mortem
555 2255 653 2321 libros
670 2253 820 2337 edidisse,
845 2255 959 2338 quibus
975 2253 1097 2336 gloriae
1115 2254 1200 2321 illius
1222 2256 1304 2323 adeo
1327 2258 1449 2324 obtrec-

298 2365 381 2425 taret
392 2359 429 2442 5),
452 2357 531 2423 mihi
553 2364 602 2424 cst
623 2355 819 2422 incredibile.
1436 2351 1440 2356 “

382 2460 589 2544 Appianusne
610 2458 706 2540 igitur
728 2457 797 2540 ipso
814 2456 979 2523 confudit?
1003 2457 1095 2536 Quod
1117 2479 1180 2524 non
1196 2457 1367 2524 affirmem:
1389 2459 1448 2524 tali

297 2561 382 2626 enirn
405 2561 528 2626 ratione
551 2580 622 2626 eum
645 2577 737 2624 usum
760 2577 830 2624 esse
851 2557 885 2624 in
906 2558 1073 2626 scribendo
1094 2559 1271 2627 inauditum
1294 2564 1352 2642 est,
1375 2580 1448 2626 cum

297 2683 400 2749 paene
424 2665 546 2728 constet
567 2662 750 2747 Appianum
779 2680 875 2725 unum
903 2661 1089 2746 scriptorem
1117 2662 1295 2746 exprimere
1317 2661 1448 2728 solitum
1474 2721 1478 2728 .

297 2784 377 2832 esse.
414 2764 528 2848 Neque
544 2771 652 2829 tamen
666 2782 784 2845 negare
806 2762 919 2829 audeo.
950 2762 1034 2829 Nam
1049 2764 1186 2848 Augusti
1201 2764 1446 2831 commentarios

296 2887 358 2934 non
381 2868 484 2934 solum
509 2885 582 2932 eum
600 2865 718 2949 legisse
736 2865 793 2931 sed
809 2864 905 2932 etiarn
921 2865 1106 2932 adhibuisse
1128 2859 1147 2952 ἡ
1167 2857 1335 2952 Ἰλλυρικὴ
1351 2866 1446 2933 docet

297 2968 366 3051 (cir.
382 2969 474 3052 impr.
491 2968 538 3034 Ill.
558 2973 595 3031 14
618 2974 650 3032 et
668 2965 731 3050 15).
775 2967 881 3048 Atque
903 2967 1010 3034 nescio
1033 2987 1075 3034 an
1096 2967 1138 3033 ob
1161 2987 1234 3033 eam.
1254 2969 1357 3054 ipsam
1373 2987 1445 3034 cau·

296 3091 367 3136 sam
394 3069 468 3134 libri
490 3068 609 3132 III-V
634 3066 675 3134 dc
703 3068 797 3133 bellis
827 3068 974 3135 civilibus
1003 3069 1090 3136 haud
1117 3068 1250 3152 indigna
1278 3069 1374 3136 laude
1402 3070 1445 3135 ab

296 3170 442 3237 omnibus
460 3173 659 3251 exornentur,
683 3167 769 3250 quod
784 3169 949 3253 Appianus
971 3169 1022 3236 his
1045 3170 1134 3236 libris
1150 3192 1266 3238 novam
1282 3169 1444 3252 quandam

295 3277 393 3356 atque
415 3269 600 3338 inusitatam
621 3269 779 3336 rationem
800 3270 961 3337 scribendi
983 3278 1110 3338 secutus
1133 3279 1190 3340 est.

382 3427 406 3489 1)
425 3422 481 3476 Gir.
500 3421 604 3475 Seneca
621 3421 653 3474 de
670 3421 711 3474 ira
729 3421 770 3474 III
782 3425 823 3486 23,
841 3426 858 3476 4
877 3421 927 3484 (ed.
945 3421 1060 3488 Haase);
1081 3422 1129 3475 cfr.
1146 3421 1215 3477 Vell.
1233 3422 1261 3474 11
1279 3427 1319 3476 86.

380 3511 407 3573 2)
425 3507 496 3561 lllud
514 3507 584 3560 enim
602 3505 707 3560 Horatii
726 3521 834 3560 carmen
846 3505 883 3571 (Π
900 3510 921 3572 Ι)
933 3504 1006 3560 huno
1019 3505 1075 3560 fere
1087 3507 1115 3560 in
1127 3521 1227 3560 annum
1240 3507 1336 3561 cadere
1349 3522 1443 3562 omnes

294 3593 344 3648 riri
361 3592 435 3646 docti
459 3591 640 3646 consentiunt.
677 3589 796 3643 Dubium
819 3593 874 3656 est,
897 3595 987 3644 utrum
1010 3596 1074 3646 ante
1096 3591 1228 3660 proelium
1246 3592 1390 3646 Actiacum
1407 3607 1445 3646 au

294 3681 392 3747 postea
410 3677 541 3745 scriptum
560 3674 603 3728 sit.
634 3674 683 3728 cfr.
703 3673 908 3741 Westermann,
931 3675 1063 3730 Zeitschr.
1083 3675 1129 3730 fiir
1145 3676 1346 3732 Alterthumsw.
1367 3679 1442 3744 1838,

293 3779 320 3831 p.
338 3765 412 3815 1262.

381 3849 407 3912 3)
426 3844 482 3898 (lfr.
502 3844 574 3898 Suet.
593 3843 663 3910 Aug.
678 3847 718 3896 85.

381 3933 407 3997 4)
426 3930 492 3998 Imp.
512 3928 634 3982 Caesaris
652 3929 720 3994 Aug.
734 3927 897 3997 scriptorum
914 3929 1007 3999 reliqu.
1026 3945 1052 3998 p.
1074 3934 1134 3984 201.

380 4021 404 4078 5)
424 4014 478 4068 Cir.
497 4013 705 4082 descriptionem
728 4013 823 4080 proelii
841 4013 957 4083 Philipp.
979 4016 1050 4083 App.
1069 4014 1108 4069 IV
1128 4019 1176 4069 110
1195 4030 1268 4084 sqq,
1292 4014 1340 4068 ubi
1356 4015 1442 4070 virtus

293 4099 407 4156 Antonii
423 4101 504 4169 plane
523 4099 692 4153 obscuratur.
