<?xml version="1.0" encoding="UTF-8"?>
<!DOCTYPE html PUBLIC "-//W3C//DTD XHTML 1.0 Transitional//EN"
    "http://www.w3.org/TR/xhtml1/DTD/xhtml1-transitional.dtd">
<html xmlns="http://www.w3.org/1999/xhtml" xml:lang="en" lang="en">
 <head>
  <title>
</title>
<meta http-equiv="Content-Type" content="text/html;charset=utf-8" />
  <meta name='ocr-system' content='tesseract 3.04.00' />
  <meta name='ocr-capabilities' content='ocr_page ocr_carea ocr_par ocr_line ocrx_word'/>
</head>
<body>
  <div class='ocr_page' id='page_1' title='image "./deciceroneasini00thougoog_0044.png"; bbox 0 0 3202 4862; ppageno 0'>
   <div class='ocr_carea' id='block_1_1' title="bbox 411 353 1315 424">
    <p class='ocr_par' dir='ltr' id='par_1_1' title="bbox 411 353 1315 424">
     <span class='ocr_line' id='line_1_1' title="bbox 411 353 1315 424; baseline 0.007 -16"><span class='ocrx_word' id='word_1_1' title='bbox 411 354 444 408; x_wconf 94' lang='lat' dir='ltr'>de</span> <span class='ocrx_word' id='word_1_2' title='bbox 463 354 600 421; x_wconf 86' lang='lat' dir='ltr'>Cicerone,</span> <span class='ocrx_word' id='word_1_3' title='bbox 618 353 713 409; x_wconf 85' lang='lat' dir='ltr'>Asinio</span> <span class='ocrx_word' id='word_1_4' title='bbox 731 353 861 419; x_wconf 85' lang='lat' dir='ltr'>Pollione,</span> <span class='ocrx_word' id='word_1_5' title='bbox 881 354 948 409; x_wconf 80' lang='lat' dir='ltr'>Gaio</span> <span class='ocrx_word' id='word_1_6' title='bbox 968 355 1063 424; x_wconf 92' lang='lat' dir='ltr'>Oppio.</span> <span class='ocrx_word' id='word_1_7' title='bbox 1255 353 1315 414; x_wconf 81' lang='lat'>337</span> 
     </span>
    </p>
   </div>
   <div class='ocr_carea' id='block_1_2' title="bbox 162 524 1415 2639">
    <p class='ocr_par' dir='ltr' id='par_1_2' title="bbox 164 524 1316 912">
     <span class='ocr_line' id='line_1_2' title="bbox 166 524 1316 610; baseline 0.001 -17"><span class='ocrx_word' id='word_1_8' title='bbox 166 527 385 610; x_wconf 69' lang='lat' dir='ltr'>canalesque</span> <span class='ocrx_word' id='word_1_9' title='bbox 408 526 479 608; x_wconf 87' lang='lat' dir='ltr'>quis</span> <span class='ocrx_word' id='word_1_10' title='bbox 501 530 630 610; x_wconf 89' lang='lat' dir='ltr'>praeter</span> <span class='ocrx_word' id='word_1_11' title='bbox 651 530 775 592; x_wconf 90' lang='lat' dir='ltr'>centum</span> <span class='ocrx_word' id='word_1_12' title='bbox 799 529 831 590; x_wconf 92' lang='lat' dir='ltr'>et</span> <span class='ocrx_word' id='word_1_13' title='bbox 853 524 1083 609; x_wconf 77' lang='lat' dir='ltr'>quinquaginta</span> <span class='ocrx_word' id='word_1_14' title='bbox 1104 525 1194 593; x_wconf 92' lang='lat' dir='ltr'>milia</span> <span class='ocrx_word' id='word_1_15' title='bbox 1215 528 1316 596; x_wconf 90' lang='lat' dir='ltr'>horni-</span> 
     </span>
     <span class='ocr_line' id='line_1_3' title="bbox 165 626 1316 712; baseline 0.003 -20"><span class='ocrx_word' id='word_1_16' title='bbox 165 649 241 694; x_wconf 88' lang='lat' dir='ltr'>nnm</span> <span class='ocrx_word' id='word_1_17' title='bbox 256 628 387 694; x_wconf 90' lang='lat' dir='ltr'>ultimae</span> <span class='ocrx_word' id='word_1_18' title='bbox 403 628 497 695; x_wconf 86' lang='lat' dir='ltr'>sortis</span> <span class='ocrx_word' id='word_1_19' title='bbox 512 628 701 693; x_wconf 82' lang='lat' dir='ltr'>frumentum</span> <span class='ocrx_word' id='word_1_20' title='bbox 717 626 887 711; x_wconf 89' lang='lat' dir='ltr'>acciperet,</span> <span class='ocrx_word' id='word_1_21' title='bbox 905 632 1002 712; x_wconf 89' lang='lat' dir='ltr'>atque</span> <span class='ocrx_word' id='word_1_22' title='bbox 1029 629 1175 696; x_wconf 83' lang='lat' dir='ltr'>existimo</span> <span class='ocrx_word' id='word_1_23' title='bbox 1199 629 1316 696; x_wconf 85' lang='lat' dir='ltr'>civium</span> 
     </span>
     <span class='ocr_line' id='line_1_4' title="bbox 165 726 1316 815; baseline 0.003 -20"><span class='ocrx_word' id='word_1_24' title='bbox 165 748 329 795; x_wconf 85' lang='lat' dir='ltr'>numerum</span> <span class='ocrx_word' id='word_1_25' title='bbox 354 731 453 795; x_wconf 91' lang='lat' dir='ltr'>multo</span> <span class='ocrx_word' id='word_1_26' title='bbox 475 727 572 795; x_wconf 85' lang='lat' dir='ltr'>fuisse</span> <span class='ocrx_word' id='word_1_27' title='bbox 594 729 747 795; x_wconf 89' lang='lat' dir='ltr'>maiorem</span> <span class='ocrx_word' id='word_1_28' title='bbox 770 763 810 774; x_wconf 91' lang='lat'><em>-</em></span> <span class='ocrx_word' id='word_1_29' title='bbox 833 726 948 795; x_wconf 89' lang='lat' dir='ltr'>saltem</span> <span class='ocrx_word' id='word_1_30' title='bbox 976 729 1040 794; x_wconf 92' lang='lat' dir='ltr'>illis</span> <span class='ocrx_word' id='word_1_31' title='bbox 1064 730 1239 815; x_wconf 80' lang='lat' dir='ltr'>nonaginta</span> <span class='ocrx_word' id='word_1_32' title='bbox 1259 733 1316 799; x_wconf 93' lang='lat' dir='ltr'>mi·</span> 
     </span>
     <span class='ocr_line' id='line_1_5' title="bbox 164 830 294 912; baseline 0.008 -16"><span class='ocrx_word' id='word_1_33' title='bbox 164 830 294 912; x_wconf 78' lang='lat' dir='ltr'>libus1).</span> 
     </span>
    </p>

    <p class='ocr_par' dir='ltr' id='par_1_3' title="bbox 162 930 1316 1628">
     <span class='ocr_line' id='line_1_6' title="bbox 251 930 1315 1010; baseline 0 -11"><span class='ocrx_word' id='word_1_34' title='bbox 251 933 330 999; x_wconf 89' lang='lat' dir='ltr'>Utut</span> <span class='ocrx_word' id='word_1_35' title='bbox 358 952 409 998; x_wconf 92' lang='lat' dir='ltr'>res</span> <span class='ocrx_word' id='word_1_36' title='bbox 438 951 474 998; x_wconf 88' lang='lat' dir='ltr'>se</span> <span class='ocrx_word' id='word_1_37' title='bbox 502 931 618 1010; x_wconf 88' lang='lat' dir='ltr'>habet,</span> <span class='ocrx_word' id='word_1_38' title='bbox 647 931 851 996; x_wconf 79' lang='lat' dir='ltr'>Plutarchum</span> <span class='ocrx_word' id='word_1_39' title='bbox 881 930 942 997; x_wconf 93' lang='lat' dir='ltr'>hoc</span> <span class='ocrx_word' id='word_1_40' title='bbox 971 931 1011 998; x_wconf 88' lang='lat' dir='ltr'>do</span> <span class='ocrx_word' id='word_1_41' title='bbox 1036 952 1168 999; x_wconf 88' lang='lat' dir='ltr'>recensu</span> <span class='ocrx_word' id='word_1_42' title='bbox 1192 953 1315 1002; x_wconf 87' lang='lat' dir='ltr'>errasse</span> 
     </span>
     <span class='ocr_line' id='line_1_7' title="bbox 163 1031 1316 1116; baseline 0.001 -17"><span class='ocrx_word' id='word_1_43' title='bbox 163 1032 369 1100; x_wconf 87' lang='lat' dir='ltr'>iudicandum</span> <span class='ocrx_word' id='word_1_44' title='bbox 392 1053 516 1099; x_wconf 87' lang='lat' dir='ltr'>censeo.</span> <span class='ocrx_word' id='word_1_45' title='bbox 553 1031 640 1098; x_wconf 92' lang='lat' dir='ltr'>Dicit</span> <span class='ocrx_word' id='word_1_46' title='bbox 661 1032 745 1098; x_wconf 91' lang='lat' dir='ltr'>enim</span> <span class='ocrx_word' id='word_1_47' title='bbox 768 1031 871 1109; x_wconf 80' lang='lat' dir='ltr'>(Caes.</span> <span class='ocrx_word' id='word_1_48' title='bbox 896 1038 935 1097; x_wconf 85' lang='lat'>55</span> <span class='ocrx_word' id='word_1_49' title='bbox 959 1037 1066 1110; x_wconf 85' lang='lat' dir='ltr'>extr.):</span> <span class='ocrx_word' id='word_1_50' title='bbox 1089 1032 1173 1116; x_wconf 86' lang='grc' dir='ltr'><em>μετὰ</em></span> <span class='ocrx_word' id='word_1_51' title='bbox 1198 1033 1316 1112; x_wconf 80' lang='grc' dir='ltr'><em>δὲτὰς</em></span> 
     </span>
     <span class='ocr_line' id='line_1_8' title="bbox 163 1125 1315 1223; baseline 0.003 -25"><span class='ocrx_word' id='word_1_52' title='bbox 163 1139 249 1211; x_wconf 87' lang='grc' dir='ltr'><em>θέας</em></span> <span class='ocrx_word' id='word_1_53' title='bbox 270 1138 454 1219; x_wconf 79' lang='grc' dir='ltr'><em>γενομένων</em></span> <span class='ocrx_word' id='word_1_54' title='bbox 475 1131 642 1218; x_wconf 81' lang='grc' dir='ltr'><em>τιμήσεων</em></span> <span class='ocrx_word' id='word_1_55' title='bbox 666 1125 740 1197; x_wconf 86' lang='grc' dir='ltr'><em>άντὶ</em></span> <span class='ocrx_word' id='word_1_56' title='bbox 761 1135 827 1197; x_wconf 77' lang='grc' dir='ltr'>τῶν</span> <span class='ocrx_word' id='word_1_57' title='bbox 849 1138 1022 1220; x_wconf 75' lang='grc' dir='ltr'><em>προτέρων</em></span> <span class='ocrx_word' id='word_1_58' title='bbox 1043 1134 1132 1200; x_wconf 78' lang='grc' dir='ltr'><em>δυεῖν</em></span> <span class='ocrx_word' id='word_1_59' title='bbox 1149 1137 1204 1201; x_wconf 84' lang='grc' dir='ltr'>καὶ</span> <span class='ocrx_word' id='word_1_60' title='bbox 1221 1134 1315 1223; x_wconf 88' lang='grc' dir='ltr'><em>τριά-</em></span> 
     </span>
     <span class='ocr_line' id='line_1_9' title="bbox 163 1231 1315 1325; baseline 0.001 -23"><span class='ocrx_word' id='word_1_61' title='bbox 163 1259 263 1302; x_wconf 91' lang='grc' dir='ltr'><em>κοντα</em></span> <span class='ocrx_word' id='word_1_62' title='bbox 285 1233 457 1322; x_wconf 77' lang='grc' dir='ltr'><em>μυριάδων</em></span> <span class='ocrx_word' id='word_1_63' title='bbox 480 1231 713 1321; x_wconf 72' lang='grc' dir='ltr'><em>ἐξητάσθησαν</em></span> <span class='ocrx_word' id='word_1_64' title='bbox 736 1232 772 1298; x_wconf 83' lang='grc' dir='ltr'>αἱ</span> <span class='ocrx_word' id='word_1_65' title='bbox 794 1236 905 1299; x_wconf 76' lang='grc' dir='ltr'><em>νιάσαι</em></span> <span class='ocrx_word' id='word_1_66' title='bbox 927 1237 1171 1301; x_wconf 76' lang='grc' dir='ltr'><em>πεντεκαίδεκα.</em></span> <span class='ocrx_word' id='word_1_67' title='bbox 1214 1238 1315 1325; x_wconf 78' lang='grc' dir='ltr'><em>Τηλι-</em></span> 
     </span>
     <span class='ocr_line' id='line_1_10' title="bbox 162 1327 1315 1424; baseline 0.001 -22"><span class='ocrx_word' id='word_1_68' title='bbox 162 1335 285 1424; x_wconf 81' lang='grc' dir='ltr'><em>καύτην</em></span> <span class='ocrx_word' id='word_1_69' title='bbox 307 1333 326 1424; x_wconf 83' lang='grc' dir='ltr'>ἡ</span> <span class='ocrx_word' id='word_1_70' title='bbox 352 1334 469 1412; x_wconf 83' lang='grc' dir='ltr'><em>στάσις</em></span> <span class='ocrx_word' id='word_1_71' title='bbox 499 1327 727 1421; x_wconf 80' lang='grc' dir='ltr'><em>άιιειρμάσατο</em></span> <span class='ocrx_word' id='word_1_72' title='bbox 756 1333 932 1422; x_wconf 84' lang='grc' dir='ltr'><em>συμφορὰν</em></span> <span class='ocrx_word' id='word_1_73' title='bbox 959 1339 1014 1402; x_wconf 82' lang='grc' dir='ltr'>καὶ</span> <span class='ocrx_word' id='word_1_74' title='bbox 1042 1340 1201 1403; x_wconf 81' lang='grc' dir='ltr'><em>τοσοῦτον</em></span> <span class='ocrx_word' id='word_1_75' title='bbox 1224 1331 1315 1404; x_wconf 71' lang='lat' dir='ltr'>‹ina-</span> 
     </span>
     <span class='ocr_line' id='line_1_11' title="bbox 163 1432 1315 1524; baseline -0.001 -19"><span class='ocrx_word' id='word_1_76' title='bbox 163 1438 294 1505; x_wconf 81' lang='grc' dir='ltr'><em>νάλωσε</em></span> <span class='ocrx_word' id='word_1_77' title='bbox 315 1441 375 1504; x_wconf 79' lang='grc' dir='ltr'>τοῦ</span> <span class='ocrx_word' id='word_1_78' title='bbox 398 1436 502 1524; x_wconf 81' lang='grc' dir='ltr'><em>δήμου</em></span> <span class='ocrx_word' id='word_1_79' title='bbox 524 1441 632 1523; x_wconf 85' lang='grc' dir='ltr'><em>μέρος,</em></span> <span class='ocrx_word' id='word_1_80' title='bbox 656 1435 718 1513; x_wconf 76' lang='grc' dir='ltr'>’ἐξω</span> <span class='ocrx_word' id='word_1_81' title='bbox 734 1435 831 1521; x_wconf 78' lang='grc' dir='ltr'><em>λόγου</em></span> <span class='ocrx_word' id='word_1_82' title='bbox 847 1432 1040 1521; x_wconf 72' lang='grc' dir='ltr'><em>τιθεμένοις</em></span> <span class='ocrx_word' id='word_1_83' title='bbox 1054 1437 1096 1503; x_wconf 89' lang='grc' dir='ltr'>τά</span> <span class='ocrx_word' id='word_1_84' title='bbox 1110 1437 1315 1520; x_wconf 86' lang='grc' dir='ltr'><em>κατασχόντα</em></span> 
     </span>
     <span class='ocr_line' id='line_1_12' title="bbox 162 1531 1074 1628; baseline -0.002 -22"><span class='ocrx_word' id='word_1_85' title='bbox 162 1538 222 1628; x_wconf 81' lang='grc' dir='ltr'>τὴν</span> <span class='ocrx_word' id='word_1_86' title='bbox 246 1535 347 1627; x_wconf 76' lang='grc' dir='ltr'><em>άλλην</em></span> <span class='ocrx_word' id='word_1_87' title='bbox 365 1532 506 1604; x_wconf 78' lang='grc' dir='ltr'><em>Ἰταλίαν</em></span> <span class='ocrx_word' id='word_1_88' title='bbox 530 1531 721 1624; x_wconf 77' lang='grc' dir='ltr'><em>άτοχήματα</em></span> <span class='ocrx_word' id='word_1_89' title='bbox 742 1535 880 1614; x_wconf 82' lang='grc' dir='ltr'><em>καὶτὰς</em></span> <span class='ocrx_word' id='word_1_90' title='bbox 903 1535 1074 1625; x_wconf 74' lang='grc' dir='ltr'><em>ἐπαρχίας.</em></span> 
     </span>
    </p>

    <p class='ocr_par' dir='ltr' id='par_1_4' title="bbox 162 1639 1315 2014">
     <span class='ocr_line' id='line_1_13' title="bbox 247 1639 1315 1726; baseline 0.001 -19"><span class='ocrx_word' id='word_1_91' title='bbox 247 1643 344 1708; x_wconf 89' lang='lat' dir='ltr'>Putat</span> <span class='ocrx_word' id='word_1_92' title='bbox 365 1641 461 1723; x_wconf 88' lang='lat' dir='ltr'>igitur</span> <span class='ocrx_word' id='word_1_93' title='bbox 482 1645 557 1705; x_wconf 89' lang='lat' dir='ltr'>ante</span> <span class='ocrx_word' id='word_1_94' title='bbox 581 1640 699 1705; x_wconf 88' lang='lat' dir='ltr'>bellum</span> <span class='ocrx_word' id='word_1_95' title='bbox 721 1639 838 1706; x_wconf 87' lang='lat' dir='ltr'>civium</span> <span class='ocrx_word' id='word_1_96' title='bbox 864 1640 964 1708; x_wconf 83' lang='lat' dir='ltr'>fuisse</span> <span class='ocrx_word' id='word_1_97' title='bbox 979 1641 1122 1707; x_wconf 79' lang='lat' dir='ltr'>GOOXX</span> <span class='ocrx_word' id='word_1_98' title='bbox 1137 1641 1235 1726; x_wconf 89' lang='lat' dir='ltr'>milia,</span> <span class='ocrx_word' id='word_1_99' title='bbox 1260 1642 1315 1726; x_wconf 89' lang='lat' dir='ltr'>qui</span> 
     </span>
     <span class='ocr_line' id='line_1_14' title="bbox 162 1741 1312 1829; baseline -0.001 -18"><span class='ocrx_word' id='word_1_100' title='bbox 162 1745 283 1811; x_wconf 79' lang='lat' dir='ltr'>Itomae</span> <span class='ocrx_word' id='word_1_101' title='bbox 306 1741 505 1824; x_wconf 88' lang='lat' dir='ltr'>habitarent,</span> <span class='ocrx_word' id='word_1_102' title='bbox 528 1746 601 1825; x_wconf 88' lang='lat' dir='ltr'>post</span> <span class='ocrx_word' id='word_1_103' title='bbox 623 1741 743 1808; x_wconf 89' lang='lat' dir='ltr'>bellum</span> <span class='ocrx_word' id='word_1_104' title='bbox 764 1741 816 1806; x_wconf 80' lang='lat' dir='ltr'>CL</span> <span class='ocrx_word' id='word_1_105' title='bbox 838 1741 935 1808; x_wconf 89' lang='lat' dir='ltr'>milia.</span> <span class='ocrx_word' id='word_1_106' title='bbox 980 1744 1054 1825; x_wconf 83' lang='lat' dir='ltr'>Eos,</span> <span class='ocrx_word' id='word_1_107' title='bbox 1077 1742 1131 1825; x_wconf 93' lang='lat' dir='ltr'>qui</span> <span class='ocrx_word' id='word_1_108' title='bbox 1153 1744 1312 1829; x_wconf 81' lang='lat' dir='ltr'>deessent,</span> 
     </span>
     <span class='ocr_line' id='line_1_15' title="bbox 164 1842 1313 1930; baseline 0.001 -19"><span class='ocrx_word' id='word_1_109' title='bbox 164 1843 324 1912; x_wconf 80' lang='lat' dir='ltr'>discordia</span> <span class='ocrx_word' id='word_1_110' title='bbox 346 1843 433 1911; x_wconf 90' lang='lat' dir='ltr'>civili</span> <span class='ocrx_word' id='word_1_111' title='bbox 456 1862 527 1910; x_wconf 88' lang='lat' dir='ltr'>esse</span> <span class='ocrx_word' id='word_1_112' title='bbox 550 1842 711 1909; x_wconf 86' lang='lat' dir='ltr'>contritos.</span> <span class='ocrx_word' id='word_1_113' title='bbox 755 1844 871 1909; x_wconf 81' lang='lat' dir='ltr'>Errare</span> <span class='ocrx_word' id='word_1_114' title='bbox 893 1863 965 1908; x_wconf 90' lang='lat' dir='ltr'>oum</span> <span class='ocrx_word' id='word_1_115' title='bbox 987 1845 1028 1908; x_wconf 91' lang='lat' dir='ltr'>sit</span> <span class='ocrx_word' id='word_1_116' title='bbox 1049 1843 1231 1930; x_wconf 88' lang='lat' dir='ltr'>humanum,</span> <span class='ocrx_word' id='word_1_117' title='bbox 1255 1845 1313 1912; x_wconf 92' lang='lat' dir='ltr'>mi·</span> 
     </span>
     <span class='ocr_line' id='line_1_16' title="bbox 163 1945 814 2014; baseline -0.003 -2"><span class='ocrx_word' id='word_1_118' title='bbox 163 1948 227 2014; x_wconf 91' lang='lat' dir='ltr'>rari</span> <span class='ocrx_word' id='word_1_119' title='bbox 250 1945 432 2013; x_wconf 87' lang='lat' dir='ltr'>desinamus</span> <span class='ocrx_word' id='word_1_120' title='bbox 453 1945 660 2011; x_wconf 82' lang='lat' dir='ltr'>Plutarchum</span> <span class='ocrx_word' id='word_1_121' title='bbox 683 1964 814 2011; x_wconf 84' lang='lat' dir='ltr'>errasse.</span> 
     </span>
    </p>

    <p class='ocr_par' dir='ltr' id='par_1_5' title="bbox 163 2043 1313 2438">
     <span class='ocr_line' id='line_1_17' title="bbox 228 2043 1313 2131; baseline -0.004 -13"><span class='ocrx_word' id='word_1_122' title='bbox 228 2113 231 2118; x_wconf 92' lang='lat'>.</span> <span class='ocrx_word' id='word_1_123' title='bbox 250 2046 315 2114; x_wconf 87' lang='lat' dir='ltr'>Sed</span> <span class='ocrx_word' id='word_1_124' title='bbox 338 2047 512 2128; x_wconf 83' lang='lat' dir='ltr'>videamus,</span> <span class='ocrx_word' id='word_1_125' title='bbox 536 2045 613 2127; x_wconf 90' lang='lat' dir='ltr'>quid</span> <span class='ocrx_word' id='word_1_126' title='bbox 635 2046 802 2130; x_wconf 84' lang='lat' dir='ltr'>Appianas</span> <span class='ocrx_word' id='word_1_127' title='bbox 825 2043 948 2112; x_wconf 86' lang='lat' dir='ltr'>hoedo</span> <span class='ocrx_word' id='word_1_128' title='bbox 974 2065 1108 2112; x_wconf 89' lang='lat' dir='ltr'>recensu</span> <span class='ocrx_word' id='word_1_129' title='bbox 1129 2047 1244 2116; x_wconf 85' lang='lat' dir='ltr'>afferat</span> <span class='ocrx_word' id='word_1_130' title='bbox 1267 2048 1313 2131; x_wconf 88' lang='lat'>(11</span> 
     </span>
     <span class='ocr_line' id='line_1_18' title="bbox 167 2138 1312 2237; baseline 0.003 -24"><span class='ocrx_word' id='word_1_131' title='bbox 167 2153 225 2213; x_wconf 83' lang='lat'>102</span> <span class='ocrx_word' id='word_1_132' title='bbox 249 2148 355 2232; x_wconf 84' lang='lat' dir='ltr'>extr.):</span> <span class='ocrx_word' id='word_1_133' title='bbox 377 2146 414 2212; x_wconf 86' lang='grc' dir='ltr'>τὸ</span> <span class='ocrx_word' id='word_1_134' title='bbox 439 2147 475 2212; x_wconf 78' lang='grc' dir='ltr'>δέ</span> <span class='ocrx_word' id='word_1_135' title='bbox 497 2150 556 2211; x_wconf 80' lang='grc' dir='ltr'>τοῦ</span> <span class='ocrx_word' id='word_1_136' title='bbox 579 2145 684 2234; x_wconf 75' lang='grc' dir='ltr'><em>ὂὴμοο</em></span> <span class='ocrx_word' id='word_1_137' title='bbox 700 2147 835 2233; x_wconf 75' lang='grc' dir='ltr'><em>πλῆθος</em></span> <span class='ocrx_word' id='word_1_138' title='bbox 851 2138 1138 2233; x_wconf 77' lang='grc' dir='ltr'><em>άναγραψάμενος,</em></span> <span class='ocrx_word' id='word_1_139' title='bbox 1163 2145 1196 2225; x_wconf 80' lang='grc' dir='ltr'>ἒς</span> <span class='ocrx_word' id='word_1_140' title='bbox 1210 2141 1312 2237; x_wconf 70' lang='grc' dir='ltr'><em>ἥμισυ</em></span> 
     </span>
     <span class='ocr_line' id='line_1_19' title="bbox 163 2245 1313 2337; baseline 0.004 -23"><span class='ocrx_word' id='word_1_141' title='bbox 163 2251 292 2334; x_wconf 76' lang='grc' dir='ltr'><em>λέγεται</em></span> <span class='ocrx_word' id='word_1_142' title='bbox 325 2251 390 2314; x_wconf 82' lang='grc' dir='ltr'>τῶν</span> <span class='ocrx_word' id='word_1_143' title='bbox 423 2246 489 2335; x_wconf 81' lang='grc' dir='ltr'>πρὸ</span> <span class='ocrx_word' id='word_1_144' title='bbox 523 2248 620 2314; x_wconf 80' lang='grc' dir='ltr'><em>τοῦδε</em></span> <span class='ocrx_word' id='word_1_145' title='bbox 649 2251 708 2314; x_wconf 81' lang='grc' dir='ltr'>τοῦ</span> <span class='ocrx_word' id='word_1_146' title='bbox 738 2249 886 2330; x_wconf 77' lang='grc' dir='ltr'><em>πολέμου</em></span> <span class='ocrx_word' id='word_1_147' title='bbox 914 2252 1097 2332; x_wconf 77' lang='grc' dir='ltr'><em>γενομένων</em></span> <span class='ocrx_word' id='word_1_148' title='bbox 1125 2245 1241 2337; x_wconf 75' lang='grc' dir='ltr'><em>εὑρεῖν·</em></span> <span class='ocrx_word' id='word_1_149' title='bbox 1280 2249 1313 2330; x_wconf 79' lang='grc' dir='ltr'>ές</span> 
     </span>
     <span class='ocr_line' id='line_1_20' title="bbox 163 2346 1072 2438; baseline -0.003 -23"><span class='ocrx_word' id='word_1_150' title='bbox 163 2354 302 2418; x_wconf 82' lang='grc' dir='ltr'><em>τοσοῦτο</em></span> <span class='ocrx_word' id='word_1_151' title='bbox 325 2351 481 2416; x_wconf 75' lang='grc' dir='ltr'><em>καθεῖλεν</em></span> <span class='ocrx_word' id='word_1_152' title='bbox 503 2346 522 2438; x_wconf 77' lang='grc' dir='ltr'><em>ἡ</em></span> <span class='ocrx_word' id='word_1_153' title='bbox 545 2349 649 2416; x_wconf 73' lang='grc' dir='ltr'><em>τοῖνδε</em></span> <span class='ocrx_word' id='word_1_154' title='bbox 671 2350 859 2437; x_wconf 78' lang='grc' dir='ltr'><em>φιλονεικία</em></span> <span class='ocrx_word' id='word_1_155' title='bbox 881 2346 940 2435; x_wconf 81' lang='grc' dir='ltr'>τὴν</span> <span class='ocrx_word' id='word_1_156' title='bbox 962 2346 1072 2414; x_wconf 78' lang='grc' dir='ltr'><em>πάλιν.</em></span> 
     </span>
    </p>

    <p class='ocr_par' dir='ltr' id='par_1_6' title="bbox 164 2436 1415 2639">
     <span class='ocr_line' id='line_1_21' title="bbox 249 2436 1415 2537; baseline 0 -18"><span class='ocrx_word' id='word_1_157' title='bbox 249 2454 375 2522; x_wconf 91' lang='lat' dir='ltr'>Bailleu</span> <span class='ocrx_word' id='word_1_158' title='bbox 390 2455 417 2519; x_wconf 91' lang='lat' dir='ltr'>si</span> <span class='ocrx_word' id='word_1_159' title='bbox 431 2454 639 2519; x_wconf 86' lang='lat' dir='ltr'>Plutarchum</span> <span class='ocrx_word' id='word_1_160' title='bbox 653 2457 686 2519; x_wconf 90' lang='lat' dir='ltr'>et</span> <span class='ocrx_word' id='word_1_161' title='bbox 699 2450 882 2537; x_wconf 87' lang='lat' dir='ltr'>Appianum</span> <span class='ocrx_word' id='word_1_162' title='bbox 901 2472 942 2517; x_wconf 87' lang='lat' dir='ltr'>ex</span> <span class='ocrx_word' id='word_1_163' title='bbox 957 2447 1213 2533; x_wconf 88' lang='lat' dir='ltr'>unoeodemque</span> <span class='ocrx_word' id='word_1_164' title='bbox 1227 2450 1315 2519; x_wconf 84' lang='lat' dir='ltr'>fonte</span> <span class='ocrx_word' id='word_1_165' title='bbox 1412 2436 1415 2444; x_wconf 40' lang='lat'>¹</span> 
     </span>
     <span class='ocr_line' id='line_1_22' title="bbox 164 2550 1313 2639; baseline -0.001 -18"><span class='ocrx_word' id='word_1_166' title='bbox 164 2557 309 2624; x_wconf 87' lang='lat' dir='ltr'>hausisse</span> <span class='ocrx_word' id='word_1_167' title='bbox 339 2556 614 2623; x_wconf 87' lang='lat' dir='ltr'>demonstraturus</span> <span class='ocrx_word' id='word_1_168' title='bbox 644 2553 824 2639; x_wconf 80' lang='lat' dir='ltr'>praedicat:</span> <span class='ocrx_word' id='word_1_169' title='bbox 855 2550 1032 2637; x_wconf 87' lang='lat' dir='ltr'>„imprimis</span> <span class='ocrx_word' id='word_1_170' title='bbox 1054 2551 1181 2618; x_wconf 87' lang='lat' dir='ltr'>videtur</span> <span class='ocrx_word' id='word_1_171' title='bbox 1202 2560 1313 2620; x_wconf 92' lang='lat' dir='ltr'>notan-</span> 
     </span>
    </p>
   </div>
   <div class='ocr_carea' id='block_1_3' title="bbox 117 2654 1407 2741">
    <p class='ocr_par' dir='ltr' id='par_1_7' title="bbox 117 2654 1407 2741">
     <span class='ocr_line' id='line_1_23' title="bbox 117 2654 1407 2741; baseline -0.001 -18"><span class='ocrx_word' id='word_1_172' title='bbox 117 2671 120 2678; x_wconf 58' lang='lat'>*</span> <span class='ocrx_word' id='word_1_173' title='bbox 165 2658 240 2724; x_wconf 91' lang='lat' dir='ltr'>dum</span> <span class='ocrx_word' id='word_1_174' title='bbox 264 2677 350 2741; x_wconf 86' lang='lat' dir='ltr'>esso,</span> <span class='ocrx_word' id='word_1_175' title='bbox 377 2677 460 2740; x_wconf 85' lang='lat' dir='ltr'>quac</span> <span class='ocrx_word' id='word_1_176' title='bbox 485 2663 619 2740; x_wconf 89' lang='lat' dir='ltr'>uterque</span> <span class='ocrx_word' id='word_1_177' title='bbox 641 2656 682 2722; x_wconf 90' lang='lat' dir='ltr'>do</span> <span class='ocrx_word' id='word_1_178' title='bbox 705 2675 801 2722; x_wconf 87' lang='lat' dir='ltr'>censu</span> <span class='ocrx_word' id='word_1_179' title='bbox 823 2659 890 2719; x_wconf 90' lang='lat' dir='ltr'>tum</span> <span class='ocrx_word' id='word_1_180' title='bbox 911 2654 1027 2732; x_wconf 71' lang='lat' dir='ltr'>habito¹</span> <span class='ocrx_word' id='word_1_181' title='bbox 1045 2658 1077 2718; x_wconf 89' lang='lat' dir='ltr'>et</span> <span class='ocrx_word' id='word_1_182' title='bbox 1099 2654 1260 2739; x_wconf 88' lang='lat' dir='ltr'>scripserit</span> <span class='ocrx_word' id='word_1_183' title='bbox 1282 2662 1314 2722; x_wconf 88' lang='lat' dir='ltr'>et</span> <span class='ocrx_word' id='word_1_184' title='bbox 1403 2691 1407 2700; x_wconf 84' lang='lat'>·</span> 
     </span>
    </p>
   </div>
   <div class='ocr_carea' id='block_1_4' title="bbox 160 2754 1313 3758">
    <p class='ocr_par' dir='ltr' id='par_1_8' title="bbox 160 2754 1313 3758">
     <span class='ocr_line' id='line_1_24' title="bbox 163 2754 1313 2844; baseline -0.007 -17"><span class='ocrx_word' id='word_1_185' title='bbox 163 2761 373 2844; x_wconf 80' lang='lat' dir='ltr'>cogitaverit“</span> <span class='ocrx_word' id='word_1_186' title='bbox 390 2760 421 2838; x_wconf 88' lang='lat' dir='ltr'>(l.</span> <span class='ocrx_word' id='word_1_187' title='bbox 439 2779 463 2826; x_wconf 92' lang='lat' dir='ltr'>s.</span> <span class='ocrx_word' id='word_1_188' title='bbox 480 2781 504 2826; x_wconf 90' lang='lat' dir='ltr'>s.</span> <span class='ocrx_word' id='word_1_189' title='bbox 520 2780 552 2844; x_wconf 91' lang='lat' dir='ltr'>p.</span> <span class='ocrx_word' id='word_1_190' title='bbox 568 2762 621 2834; x_wconf 81' lang='lat'>22)</span> <span class='ocrx_word' id='word_1_191' title='bbox 636 2756 732 2822; x_wconf 88' lang='lat' dir='ltr'>valde</span> <span class='ocrx_word' id='word_1_192' title='bbox 748 2776 807 2839; x_wconf 84' lang='lat' dir='ltr'>ego</span> <span class='ocrx_word' id='word_1_193' title='bbox 824 2754 952 2835; x_wconf 90' lang='lat' dir='ltr'>quidem</span> <span class='ocrx_word' id='word_1_194' title='bbox 968 2754 1134 2837; x_wconf 88' lang='lat' dir='ltr'>assentior,</span> <span class='ocrx_word' id='word_1_195' title='bbox 1150 2761 1313 2821; x_wconf 89' lang='lat' dir='ltr'>—tamen</span> 
     </span>
     <span class='ocr_line' id='line_1_25' title="bbox 164 2852 1312 2945; baseline -0.006 -18"><span class='ocrx_word' id='word_1_196' title='bbox 164 2863 268 2945; x_wconf 88' lang='lat' dir='ltr'>miror,</span> <span class='ocrx_word' id='word_1_197' title='bbox 292 2861 376 2943; x_wconf 89' lang='lat' dir='ltr'>quod</span> <span class='ocrx_word' id='word_1_198' title='bbox 399 2862 460 2928; x_wconf 93' lang='lat' dir='ltr'>hoc</span> <span class='ocrx_word' id='word_1_199' title='bbox 482 2863 553 2927; x_wconf 91' lang='lat' dir='ltr'>looo</span> <span class='ocrx_word' id='word_1_200' title='bbox 575 2880 639 2925; x_wconf 90' lang='lat' dir='ltr'>non</span> <span class='ocrx_word' id='word_1_201' title='bbox 661 2862 709 2924; x_wconf 89' lang='lat' dir='ltr'>est</span> <span class='ocrx_word' id='word_1_202' title='bbox 732 2856 882 2923; x_wconf 88' lang='lat' dir='ltr'>offensus.</span> <span class='ocrx_word' id='word_1_203' title='bbox 925 2856 1010 2921; x_wconf 90' lang='lat' dir='ltr'>Nam</span> <span class='ocrx_word' id='word_1_204' title='bbox 1031 2852 1067 2918; x_wconf 92' lang='lat' dir='ltr'>id</span> <span class='ocrx_word' id='word_1_205' title='bbox 1091 2854 1169 2920; x_wconf 91' lang='lat' dir='ltr'>mihi</span> <span class='ocrx_word' id='word_1_206' title='bbox 1190 2857 1312 2940; x_wconf 90' lang='lat' dir='ltr'>perspi-</span> 
     </span>
     <span class='ocr_line' id='line_1_26' title="bbox 163 2954 1313 3041; baseline -0.006 -11"><span class='ocrx_word' id='word_1_207' title='bbox 163 2983 257 3030; x_wconf 90' lang='lat' dir='ltr'>cuum</span> <span class='ocrx_word' id='word_1_208' title='bbox 288 2962 414 3029; x_wconf 85' lang='lat' dir='ltr'>videtur</span> <span class='ocrx_word' id='word_1_209' title='bbox 442 2963 562 3030; x_wconf 84' lang='lat' dir='ltr'>fontem</span> <span class='ocrx_word' id='word_1_210' title='bbox 593 2959 755 3041; x_wconf 89' lang='lat' dir='ltr'>utriusque</span> <span class='ocrx_word' id='word_1_211' title='bbox 783 2978 846 3023; x_wconf 92' lang='lat' dir='ltr'>non</span> <span class='ocrx_word' id='word_1_212' title='bbox 875 2955 969 3023; x_wconf 89' lang='lat' dir='ltr'>modo</span> <span class='ocrx_word' id='word_1_213' title='bbox 996 2974 1061 3020; x_wconf 89' lang='lat' dir='ltr'>non</span> <span class='ocrx_word' id='word_1_214' title='bbox 1090 2954 1234 3040; x_wconf 89' lang='lat' dir='ltr'>singulas</span> <span class='ocrx_word' id='word_1_215' title='bbox 1262 2977 1313 3024; x_wconf 88' lang='lat' dir='ltr'>res</span> 
     </span>
     <span class='ocr_line' id='line_1_27' title="bbox 162 3059 1312 3142; baseline -0.003 -13"><span class='ocrx_word' id='word_1_216' title='bbox 162 3064 256 3130; x_wconf 91' lang='lat' dir='ltr'>huius</span> <span class='ocrx_word' id='word_1_217' title='bbox 273 3073 386 3131; x_wconf 82' lang='lat' dir='ltr'>census</span> <span class='ocrx_word' id='word_1_218' title='bbox 400 3066 454 3131; x_wconf 87' lang='lat' dir='ltr'>vel</span> <span class='ocrx_word' id='word_1_219' title='bbox 469 3083 618 3130; x_wconf 88' lang='lat' dir='ltr'>recensus</span> <span class='ocrx_word' id='word_1_220' title='bbox 628 3067 652 3140; x_wconf 70' lang='lat'>2)</span> <span class='ocrx_word' id='word_1_221' title='bbox 668 3060 822 3142; x_wconf 83' lang='lat' dir='ltr'>attigisse,</span> <span class='ocrx_word' id='word_1_222' title='bbox 846 3059 904 3126; x_wconf 92' lang='lat' dir='ltr'>sed</span> <span class='ocrx_word' id='word_1_223' title='bbox 919 3059 1022 3125; x_wconf 91' lang='lat' dir='ltr'>solum</span> <span class='ocrx_word' id='word_1_224' title='bbox 1036 3078 1202 3124; x_wconf 90' lang='lat' dir='ltr'>numerum</span> <span class='ocrx_word' id='word_1_225' title='bbox 1216 3063 1312 3126; x_wconf 87' lang='lat' dir='ltr'>rettu-</span> 
     </span>
     <span class='ocr_line' id='line_1_28' title="bbox 161 3160 1313 3250; baseline -0.003 -19"><span class='ocrx_word' id='word_1_226' title='bbox 161 3167 238 3234; x_wconf 88' lang='lat' dir='ltr'>lisse</span> <span class='ocrx_word' id='word_1_227' title='bbox 260 3165 386 3250; x_wconf 82' lang='lat' dir='ltr'>civium,</span> <span class='ocrx_word' id='word_1_228' title='bbox 410 3166 464 3248; x_wconf 91' lang='lat' dir='ltr'>qui</span> <span class='ocrx_word' id='word_1_229' title='bbox 486 3172 560 3231; x_wconf 89' lang='lat' dir='ltr'>ante</span> <span class='ocrx_word' id='word_1_230' title='bbox 584 3170 615 3230; x_wconf 93' lang='lat' dir='ltr'>et</span> <span class='ocrx_word' id='word_1_231' title='bbox 637 3163 692 3246; x_wconf 93' lang='lat' dir='ltr'>qui</span> <span class='ocrx_word' id='word_1_232' title='bbox 712 3168 786 3248; x_wconf 88' lang='lat' dir='ltr'>post</span> <span class='ocrx_word' id='word_1_233' title='bbox 800 3163 919 3228; x_wconf 91' lang='lat' dir='ltr'>bellum</span> <span class='ocrx_word' id='word_1_234' title='bbox 942 3160 1036 3226; x_wconf 85' lang='lat' dir='ltr'>civile</span> <span class='ocrx_word' id='word_1_235' title='bbox 1051 3162 1173 3227; x_wconf 89' lang='lat' dir='ltr'>Romae</span> <span class='ocrx_word' id='word_1_236' title='bbox 1188 3160 1313 3229; x_wconf 86' lang='lat' dir='ltr'>habita·</span> 
     </span>
     <span class='ocr_line' id='line_1_29' title="bbox 161 3260 1313 3350; baseline -0.004 -17"><span class='ocrx_word' id='word_1_237' title='bbox 161 3274 242 3334; x_wconf 89' lang='lat' dir='ltr'>rent</span> <span class='ocrx_word' id='word_1_238' title='bbox 272 3267 423 3350; x_wconf 89' lang='lat' dir='ltr'>Alioquin</span> <span class='ocrx_word' id='word_1_239' title='bbox 445 3267 529 3334; x_wconf 87' lang='lat' dir='ltr'>enim</span> <span class='ocrx_word' id='word_1_240' title='bbox 544 3287 609 3333; x_wconf 95' lang='lat' dir='ltr'>non</span> <span class='ocrx_word' id='word_1_241' title='bbox 622 3267 784 3347; x_wconf 85' lang='lat' dir='ltr'>intellego,</span> <span class='ocrx_word' id='word_1_242' title='bbox 807 3263 863 3343; x_wconf 91' lang='lat' dir='ltr'>qui</span> <span class='ocrx_word' id='word_1_243' title='bbox 876 3260 946 3327; x_wconf 88' lang='lat' dir='ltr'>fieri</span> <span class='ocrx_word' id='word_1_244' title='bbox 959 3263 1108 3345; x_wconf 87' lang='lat' dir='ltr'>potuerit,</span> <span class='ocrx_word' id='word_1_245' title='bbox 1130 3267 1165 3326; x_wconf 90' lang='lat' dir='ltr'>ut</span> <span class='ocrx_word' id='word_1_246' title='bbox 1180 3268 1313 3345; x_wconf 89' lang='lat' dir='ltr'>uterque</span> 
     </span>
     <span class='ocr_line' id='line_1_30' title="bbox 162 3360 1312 3453; baseline -0.006 -18"><span class='ocrx_word' id='word_1_247' title='bbox 162 3368 370 3453; x_wconf 85' lang='lat' dir='ltr'>existimaret,</span> <span class='ocrx_word' id='word_1_248' title='bbox 392 3389 559 3436; x_wconf 84' lang='lat' dir='ltr'>numerum</span> <span class='ocrx_word' id='word_1_249' title='bbox 581 3369 698 3436; x_wconf 89' lang='lat' dir='ltr'>civium</span> <span class='ocrx_word' id='word_1_250' title='bbox 721 3387 740 3430; x_wconf 91' lang='lat' dir='ltr'>a</span> <span class='ocrx_word' id='word_1_251' title='bbox 763 3361 913 3430; x_wconf 86' lang='lat' dir='ltr'>trecentis</span> <span class='ocrx_word' id='word_1_252' title='bbox 936 3365 968 3426; x_wconf 90' lang='lat' dir='ltr'>et</span> <span class='ocrx_word' id='word_1_253' title='bbox 990 3360 1104 3441; x_wconf 86' lang='lat' dir='ltr'>viginti</span> <span class='ocrx_word' id='word_1_254' title='bbox 1126 3360 1255 3426; x_wconf 91' lang='lat' dir='ltr'>milibus</span> <span class='ocrx_word' id='word_1_255' title='bbox 1270 3362 1312 3428; x_wconf 89' lang='lat' dir='ltr'>ad</span> 
     </span>
     <span class='ocr_line' id='line_1_31' title="bbox 161 3460 1312 3554; baseline -0.01 -16"><span class='ocrx_word' id='word_1_256' title='bbox 161 3478 291 3539; x_wconf 87' lang='lat' dir='ltr'>eentum</span> <span class='ocrx_word' id='word_1_257' title='bbox 314 3475 346 3537; x_wconf 87' lang='lat' dir='ltr'>ot</span> <span class='ocrx_word' id='word_1_258' title='bbox 368 3470 599 3554; x_wconf 88' lang='lat' dir='ltr'>quinquaginta</span> <span class='ocrx_word' id='word_1_259' title='bbox 621 3467 711 3533; x_wconf 92' lang='lat' dir='ltr'>milia</span> <span class='ocrx_word' id='word_1_260' title='bbox 731 3465 814 3531; x_wconf 87' lang='lat' dir='ltr'>bello</span> <span class='ocrx_word' id='word_1_261' title='bbox 838 3461 925 3529; x_wconf 81' lang='lat' dir='ltr'>civili</span> <span class='ocrx_word' id='word_1_262' title='bbox 947 3460 1144 3527; x_wconf 87' lang='lat' dir='ltr'>deminutum</span> <span class='ocrx_word' id='word_1_263' title='bbox 1166 3480 1246 3544; x_wconf 87' lang='lat' dir='ltr'>esse,</span> <span class='ocrx_word' id='word_1_264' title='bbox 1270 3499 1312 3508; x_wconf 98' lang='lat'><em>-</em></span> 
     </span>
     <span class='ocr_line' id='line_1_32' title="bbox 160 3562 1311 3656; baseline -0.006 -19"><span class='ocrx_word' id='word_1_265' title='bbox 160 3594 236 3640; x_wconf 90' lang='lat' dir='ltr'>nam</span> <span class='ocrx_word' id='word_1_266' title='bbox 259 3573 421 3655; x_wconf 88' lang='lat' dir='ltr'>octoginta</span> <span class='ocrx_word' id='word_1_267' title='bbox 443 3572 541 3656; x_wconf 88' lang='lat' dir='ltr'>milia,</span> <span class='ocrx_word' id='word_1_268' title='bbox 566 3591 649 3654; x_wconf 88' lang='lat' dir='ltr'>quae</span> <span class='ocrx_word' id='word_1_269' title='bbox 666 3568 786 3634; x_wconf 75' lang='lat' dir='ltr'>Caesar</span> <span class='ocrx_word' id='word_1_270' title='bbox 806 3565 840 3631; x_wconf 94' lang='lat' dir='ltr'>in</span> <span class='ocrx_word' id='word_1_271' title='bbox 856 3562 1084 3631; x_wconf 85' lang='lat' dir='ltr'>transmarinas</span> <span class='ocrx_word' id='word_1_272' title='bbox 1100 3563 1241 3630; x_wconf 90' lang='lat' dir='ltr'>colonias</span> <span class='ocrx_word' id='word_1_273' title='bbox 1257 3563 1311 3630; x_wconf 85' lang='lat' dir='ltr'>dc-</span> 
     </span>
     <span class='ocr_line' id='line_1_33' title="bbox 162 3664 1313 3758; baseline -0.007 -20"><span class='ocrx_word' id='word_1_274' title='bbox 162 3673 269 3758; x_wconf 86' lang='lat' dir='ltr'>duxit,</span> <span class='ocrx_word' id='word_1_275' title='bbox 300 3675 387 3741; x_wconf 89' lang='lat' dir='ltr'>bello</span> <span class='ocrx_word' id='word_1_276' title='bbox 411 3679 599 3758; x_wconf 90' lang='lat' dir='ltr'>consumpta</span> <span class='ocrx_word' id='word_1_277' title='bbox 620 3690 683 3737; x_wconf 92' lang='lat' dir='ltr'>non</span> <span class='ocrx_word' id='word_1_278' title='bbox 706 3673 806 3736; x_wconf 89' lang='lat' dir='ltr'>erant.</span> <span class='ocrx_word' id='word_1_279' title='bbox 852 3665 917 3733; x_wconf 83' lang='lat' dir='ltr'>Sed</span> <span class='ocrx_word' id='word_1_280' title='bbox 938 3671 974 3731; x_wconf 92' lang='lat' dir='ltr'>ut</span> <span class='ocrx_word' id='word_1_281' title='bbox 994 3664 1125 3732; x_wconf 90' lang='lat' dir='ltr'>tandem</span> <span class='ocrx_word' id='word_1_282' title='bbox 1148 3672 1244 3750; x_wconf 88' lang='lat' dir='ltr'>caput</span> <span class='ocrx_word' id='word_1_283' title='bbox 1265 3664 1313 3732; x_wconf 92' lang='lat' dir='ltr'>rei</span> 
     </span>
    </p>
   </div>
   <div class='ocr_carea' id='block_1_5' title="bbox 250 3831 1313 3908">
    <p class='ocr_par' dir='ltr' id='par_1_9' title="bbox 250 3831 1313 3908">
     <span class='ocr_line' id='line_1_34' title="bbox 250 3831 1313 3908; baseline -0.006 -15"><span class='ocrx_word' id='word_1_284' title='bbox 250 3845 275 3906; x_wconf 88' lang='lat'>1)</span> <span class='ocrx_word' id='word_1_285' title='bbox 292 3841 362 3895; x_wconf 88' lang='lat' dir='ltr'>Fero</span> <span class='ocrx_word' id='word_1_286' title='bbox 379 3840 450 3896; x_wconf 91' lang='lat' dir='ltr'>idem</span> <span class='ocrx_word' id='word_1_287' title='bbox 467 3841 560 3908; x_wconf 83' lang='lat' dir='ltr'>Lange</span> <span class='ocrx_word' id='word_1_288' title='bbox 577 3837 620 3906; x_wconf 81' lang='lat' dir='ltr'>(R.</span> <span class='ocrx_word' id='word_1_289' title='bbox 634 3836 667 3889; x_wconf 91' lang='lat' dir='ltr'>A.</span> <span class='ocrx_word' id='word_1_290' title='bbox 680 3837 740 3890; x_wconf 81' lang='lat'><em>111²</em></span> <span class='ocrx_word' id='word_1_291' title='bbox 756 3853 785 3906; x_wconf 89' lang='lat' dir='ltr'>p.</span> <span class='ocrx_word' id='word_1_292' title='bbox 795 3838 856 3901; x_wconf 80' lang='grc'>448)</span> <span class='ocrx_word' id='word_1_293' title='bbox 874 3834 927 3888; x_wconf 91' lang='lat' dir='ltr'>hoc</span> <span class='ocrx_word' id='word_1_294' title='bbox 946 3832 979 3888; x_wconf 91' lang='lat' dir='ltr'>de</span> <span class='ocrx_word' id='word_1_295' title='bbox 996 3847 1111 3886; x_wconf 88' lang='lat' dir='ltr'>recensu</span> <span class='ocrx_word' id='word_1_296' title='bbox 1128 3833 1229 3887; x_wconf 89' lang='lat' dir='ltr'>sentire</span> <span class='ocrx_word' id='word_1_297' title='bbox 1246 3831 1313 3886; x_wconf 88' lang='lat' dir='ltr'>mihi</span> 
     </span>
    </p>
   </div>
   <div class='ocr_carea' id='block_1_6' title="bbox 158 3926 1312 4077">
    <p class='ocr_par' dir='ltr' id='par_1_10' title="bbox 158 3926 1312 4077">
     <span class='ocr_line' id='line_1_35' title="bbox 158 3926 1312 4077; baseline -0.008 -12"><span class='ocrx_word' id='word_1_298' title='bbox 158 3926 274 4077; x_wconf 48' lang='lat' dir='ltr'>ardetuss</span> <span class='ocrx_word' id='word_1_299' title='bbox 292 4009 346 4064; x_wconf 80' lang='lat' dir='ltr'>Otr.</span> <span class='ocrx_word' id='word_1_300' title='bbox 364 4009 489 4064; x_wconf 88' lang='lat' dir='ltr'>Momms.</span> <span class='ocrx_word' id='word_1_301' title='bbox 509 4007 698 4064; x_wconf 79' lang='lat' dir='ltr'>staatsrecht²</span> <span class='ocrx_word' id='word_1_302' title='bbox 714 3989 758 4059; x_wconf 75' lang='lat'>11¹</span> <span class='ocrx_word' id='word_1_303' title='bbox 775 4022 802 4074; x_wconf 90' lang='lat' dir='ltr'>p.</span> <span class='ocrx_word' id='word_1_304' title='bbox 822 4009 884 4060; x_wconf 80' lang='lat'><strong>362:</strong></span> <span class='ocrx_word' id='word_1_305' title='bbox 910 4003 1002 4072; x_wconf 85' lang='lat' dir='ltr'>„jader</span> <span class='ocrx_word' id='word_1_306' title='bbox 1020 4015 1116 4057; x_wconf 86' lang='lat' dir='ltr'>census</span> <span class='ocrx_word' id='word_1_307' title='bbox 1134 4000 1191 4068; x_wconf 84' lang='lat' dir='ltr'>(ist)</span> <span class='ocrx_word' id='word_1_308' title='bbox 1210 4001 1312 4070; x_wconf 83' lang='lat' dir='ltr'>cigent-</span> 
     </span>
    </p>
   </div>
   <div class='ocr_carea' id='block_1_7' title="bbox 159 4093 445 4150">
    <p class='ocr_par' dir='ltr' id='par_1_11' title="bbox 159 4093 445 4150">
     <span class='ocr_line' id='line_1_36' title="bbox 159 4093 445 4150; baseline 0.003 -2"><span class='ocrx_word' id='word_1_309' title='bbox 159 4093 215 4149; x_wconf 94' lang='lat' dir='ltr'>lich</span> <span class='ocrx_word' id='word_1_310' title='bbox 233 4095 276 4150; x_wconf 90' lang='lat' dir='ltr'>ein</span> <span class='ocrx_word' id='word_1_311' title='bbox 293 4101 445 4150; x_wconf 83' lang='lat' dir='ltr'>recensus.“</span> 
     </span>
    </p>
   </div>
   <div class='ocr_carea' id='block_1_8' title="bbox 0 0 1606 4862">
    <p class='ocr_par' dir='ltr' id='par_1_12' title="bbox 0 0 1606 4862">
     <span class='ocr_line' id='line_1_37' title="bbox 0 0 1606 4862; baseline 0 1"><span class='ocrx_word' id='word_1_312' title='bbox 0 0 1606 4862; x_wconf 95' lang='lat' dir='ltr'> </span> 
     </span>
    </p>
   </div>
  </div>
 </body>
</html>
