3202 4862
320 354 382 416 312
755 357 886 424 Georgius
905 356 1028 414 Thourct

383 530 466 596 Plus.
483 527 547 595 cic.
568 531 658 612 100.
674 533 709 593 4:
733 525 882 594 ἐντοονα
965 551 1009 598 or.
1026 530 1165 612 00111,
1182 535 1235 595 ro:
1258 529 1366 607 nutu?
1384 530 1477 613 quoe
1587 503 1588 522 '

319 632 375 723 καλ
407 633 466 696 τοῦ
498 630 663 696 Κατιλίνα
697 627 781 712 μετὰ
817 633 882 712 τῶν
907 631 1048 698 adventu
1070 638 1124 698 tuo
1146 631 1210 698 ista
1238 633 1392 698 subsellia
1414 652 1475 698 va·

320 726 429 799 ὂὶλλων
452 729 611 808 ἐλθόντος
639 727 685 808 ὥς
714 723 882 818 ἇνεολονη-
909 733 1054 800 cucfaeta
1068 739 1149 816 sunt,
1170 733 1257 815 quod
1271 754 1382 800 omnes
1397 753 1475 800 oon-

320 837 476 917 σομένοο,
507 837 711 919 συγκαθίσαι
738 832 798 915 μὲν
826 826 881 898 οὗ·
908 835 1030 901 sulares
1053 887 1060 902 .
1084 885 1091 900 .
1115 885 1124 900 .
1147 885 1155 901 .
1178 835 1273 900 simul
1295 841 1392 918 atque
1414 837 1475 902 ad-

320 934 388 1012 ιλεὶς
402 931 560 1019 ὑπέμεινε
574 938 640 1000 τῶν
653 935 882 1022 compascuis,
908 935 1030 1020 sedisti,
1052 941 1175 1019 partem
1190 937 1284 1002 istam
1303 937 1475 1004 subsellio-

320 1029 404 1102 ἇλλὰ
426 1035 550 1114 πάντες
574 1029 641 1103 ἀπὸ
666 1040 724 1102 τοῦ
749 1035 882 1123 βάθρον
908 1059 978 1104 rum
993 1037 1113 1104 nudam
1131 1044 1226 1123 atque
1249 1039 1376 1104 inanem
1397 1038 1474 1104 reli-

318 1140 499 1226 μετῆλθον.
909 1147 1045 1222 querunt
1067 1161 1093 1206 e.
1111 1160 1140 1222 q.
1155 1160 1180 1207 s.

382 1241 425 1306 ib.
448 1245 520 1322 ξος
543 1243 713 1320 ...τέλος
736 1234 882 1320 οἰνοστὰς
972 1242 1116 1324 Cat.15‚
1136 1246 1188 1307 13:
1217 1241 1305 1309 exire
1328 1262 1370 1308 ex
1391 1242 1475 1309 urbe

318 1335 711 1430 ὖΚικέρωνττροςέταξεν
723 1337 882 1432 oizparis
907 1344 997 1410 iubet
1018 1343 1129 1409 consul
1150 1343 1284 1411 hostem.

319 1442 451 1521 πόλεως
473 1436 764 1512 ἀπαλλάττεσθαι.

383 1545 425 1611 ib.
450 1545 518 1611 δεῖν
532 1543 594 1632 γὰρ
618 1539 721 1613 αὐτοῦ
742 1547 803 1630 μὲν
824 1547 882 1615 λό-
972 1545 1039 1611 Cat.
1051 1547 1066 1610 l
1079 1553 1108 1630 5,
1124 1551 1177 1612 10:
1193 1566 1308 1630 magno
1320 1566 1372 1612 me
1382 1552 1472 1614 metu

317 1669 405 1730 νοις,
434 1643 558 1712 ἐκείνου
582 1641 612 1712 δ’
640 1641 759 1726 ὅπλοις
782 1652 881 1716 τολι-
908 1648 1076 1732 liberabis,
1100 1646 1175 1712 dnm
1197 1647 1292 1713 modo
1314 1649 1473 1714 interme

318 1753 494 1830 τεινομένου
505 1754 607 1832 μέσον
619 1747 751 1818 εἶναιτὸ
764 1765 880 1834 τεῖχος.
907 1755 1004 1831 atque
1026 1755 1059 1816 te
1081 1770 1188 1816 murus
1210 1750 1344 1816 intersit.

382 1871 408 1918 c.
429 1857 476 1936 14,
492 1857 526 1918 6:
549 1851 675 1920 τούτων
694 1853 743 1931 etc
764 1878 801 1918 τε
822 1851 881 1941 τὴν
971 1871 1028 1936 pro
1050 1853 1129 1918 Mur.
1153 1855 1209 1932 26,
1233 1855 1288 1916 52:
1318 1851 1472 1918 descendi

316 1949 439 2040 βουλὴν
460 1956 517 2020 καὶ
538 1951 596 2020 τὸν
620 1954 723 2042 δῆμον
747 1949 881 2042 ruppe·
907 1973 979 2019 eum
1007 1953 1188 2020 firmissimo
1216 1952 1377 2037 praesidio
1407 1952 1469 2018 for-

318 2079 383 2122 νιον
405 2047 463 2120 ὑπ’
490 2049 601 2138 αὐτοῦ,
627 2058 754 2140 μᾶλλον
776 2053 793 2124 ὁ
818 2065 881 2125 Κι-
906 2055 1100 2122 tissimorum
1114 2057 1252 2121 virorum
1267 2061 1300 2120 et·
1319 2075 1390 2120 cum
1411 2055 1472 2120 illa

263 2145 266 2151 ⁴
316 2161 420 2242 κέρων
444 2156 567 2238 ἐ’δεισε,
593 2160 650 2224 καὶ
671 2163 881 2246 τεθωρακισ-
906 2158 974 2224 lata
987 2157 1167 2240 insignique
1184 2157 1371 2240 101100,11011
1387 2176 1471 2240 quae

316 2260 415 2340 μένον
431 2251 531 2325 αὐτὸν
548 2258 631 2326 οἵτε
647 2260 781 2328 δυνατοὶ
795 2261 882 2328 πάν·
907 2281 958 2326 me
973 2266 1096 2342 tegeret
1112 2309 1119 2325 .
1136 2307 1144 2324 .
1160 2309 1167 2323 .
1184 2278 1294 2324 verum
1309 2263 1344 2324 ut
1358 2277 1470 2324 omnes

317 2383 370 2438 τες
405 2352 472 2426 ἀπὸ
506 2364 565 2449 τῆς
593 2361 701 2440 οἰκίας
729 2366 785 2429 καὶ
815 2368 881 2429 τῶν
909 2361 983 2429 boni
1004 2359 1294 2428 animadverterent
1316 2364 1375 2426 etc.

317 2465 399 2526 νέων
425 2462 548 2527 πολλοὶ
573 2463 766 2551 κατήγαγον.
815 2469 882 2532 Τοῦ

319 2562 354 2628 δὲ
369 2561 526 2650 θώρακος
541 2561 697 2653 ἐπίτηδες
716 2561 883 2655 ὑπέφαινέ

318 2689 351 2731 τι
382 2663 582 2751 παραλύσας
618 2664 653 2732 ἐκ
684 2671 751 2734 τῶν
785 2663 884 2752 ὤμων

317 2769 376 2834 τοῦ
388 2769 529 2850 χιτῶνος
545 2765 789 2853 ἐνδεικνύμενος
811 2785 883 2849 τοῖς

318 2864 423 2957 ὁρῶσι
445 2866 503 2937 τὸν
525 2870 686 2938 κίνδυνον.

403 2973 493 3038 Haec
515 2973 556 3037 de
578 2974 749 3041 Plutarcho
773 2975 938 3059 sufficiant,
965 2971 1091 3040 etiamsi
1112 2969 1222 3052 augeri
1243 2963 1423 3054 possunt1).

402 3074 472 3138 Iam
495 3080 622 3138 transeo
644 3075 686 3138 od
707 3076 853 3142 Dionem.
898 3077 1005 3143 Verba
1027 3075 1110 3156 cius,
1139 3091 1202 3155 quo
1226 3073 1296 3139 loco
1327 3068 1367 3134 de
1395 3088 1466 3152 pro-

319 3172 414 3258 digiis
430 3194 602 3258 eorumque
619 3176 840 3259 procuratione
863 3179 938 3262 agit,
961 3176 1101 3242 maxime
1123 3195 1196 3240 cum
1211 3172 1372 3240 Ciceronis
1395 3190 1467 3236 eon-

318 3295 433 3342 sonare
454 3276 519 3342 iam
541 3295 638 3360 supra
659 3277 876 3345 demonstravi
898 3278 966 3361 (cfr.
982 3299 1013 3362 p.
1037 3277 1122 3363 309).
1166 3278 1338 3342 Praeterea
1359 3279 1467 3339 autem

319 3379 406 3445 solus
422 3378 581 3460 quaedam
602 3380 709 3463 tradit,
731 3401 815 3464 quae
836 3380 924 3466 apud
939 3380 1123 3447 Ciceronem
1145 3377 1327 3463 reperimus.
1361 3376 1467 3458 Atque

318 3480 455 3564 primum
477 3480 607 3564 quidem
629 3481 691 3548 huc
711 3485 865 3568 pertinet,
893 3482 979 3566 quod
1003 3481 1080 3547 dicit
1109 3500 1134 3546 0.
1159 3483 1209 3563 31,
1225 3482 1259 3543 3:
1283 3479 1467 3562 “paropinos

319 3580 355 3646 δὲ
382 3579 501 3646 τούτου
530 3581 611 3664 (scil.
635 3580 667 3648 S.
691 3584 725 3650 C.
751 3587 862 3652 ultimo
890 3583 988 3668 facto)
1015 3584 1072 3648 καὶ
1100 3582 1248 3670 φρουρᾶς
1276 3574 1469 3660 7101111163ι

317 3682 527 3771 καταστάσης
541 3681 582 3748 τὰ
597 3683 657 3766 μὲν
673 3681 707 3750 ἓν
727 3688 775 3770 τῷ
802 3679 898 3751 ἄστει
920 3677 1026 3751 οὐκέτ’
1053 3681 1285 3768 ἐνεωτερίσθη,
1309 3671 1391 3755 ὥςτε
1412 3678 1468 3742 καὶ
1587 3709 1588 3732 ι

319 3783 377 3852 ἐπὶ
406 3791 612 3873 συκοφαντίᾳ
641 3782 699 3850 τὸν
721 3791 894 3873 Κικέρωνα
917 3787 1152 3875 διαβληθῆναι.
1195 3783 1309 3848 Fuisse
1338 3783 1469 3861 Romae,

320 3891 374 3972 qui
395 3889 478 3955 hanc
500 3889 711 3973 suspicionem
733 3890 767 3954 in
783 3888 967 3957 Ciceronem
988 3893 1162 3972 moverent,
1184 3886 1285 3970 ipsius
1308 3883 1468 3950 Ciceronis

407 4111 430 4172 1)
449 4105 504 4161 Cir.
522 4105 643 4174 inprimis
661 4106 854 4162 Weizsaeckcr
870 4107 888 4160 l.
907 4108 926 4162 l.
944 4123 972 4176 p.
990 4111 1119 4162 424-27.
