3202 4862
320 335 381 398 324
754 343 886 412 Georgius
905 343 1026 396 Thouret

320 512 442 578 coronis
470 512 606 598 scripta,
637 514 693 597 qui
720 534 759 580 ne
788 532 851 579 uno
882 508 1009 590 quidem
1035 509 1106 576 loco
1129 507 1278 575 dilucidis
1299 508 1408 575 verbis'
1429 510 1468 575 in

320 612 492 682 Gaesarem
507 615 676 698 invehitur,
698 613 814 681 servati
832 611 924 678 nobis
939 616 1012 676 sunt
1027 610 1127 694 ipsius
1143 610 1289 678 Caesaris
1304 630 1466 677 commen-

319 717 391 783 tarii
419 723 451 784 et
479 717 612 785 Sallusti
640 718 728 783 liber.
778 715 850 779 Non
878 728 960 792 nego
988 710 1061 779 illos
1088 712 1188 779 libros
1215 711 1466 797 perfectissimos

319 824 416 900 atque
438 840 513 887 vere
538 836 686 884 amoenos
710 832 797 881 esse:
826 812 885 882 sed
912 811 993 878 fides
1022 833 1132 880 eorum
1158 815 1255 900 plane
1283 815 1469 899 incorrupta

318 940 382 986 non
410 926 467 986 est.
511 918 644 984 Veritati
676 920 782 982 autem
814 915 944 980 ubinam
976 923 1024 980 est
1055 916 1144 982 locus
1176 915 1237 983 nisi
1267 917 1300 982 in
1328 915 1465 982 historia

317 1017 510 1087 scribenda?

657 1273 698 1336 II.
729 1270 764 1336 0.
786 1271 956 1338 Asinius
983 1271 1130 1338 Pollio.

401 1491 586 1558 Memoriam
607 1512 713 1558 rerum
735 1513 755 1557 a
778 1492 915 1558 Caesare
937 1489 1012 1557 inde
1033 1492 1074 1556 ab
1098 1511 1180 1556 anno
1203 1495 1264 1556 696
1290 1511 1392 1574 usque
1421 1494 1466 1560 ad

316 1615 433 1660 annum
456 1595 518 1657 709
541 1615 569 1660 a.
593 1615 623 1660 u.
646 1595 730 1660 bello
753 1600 916 1675 gestarum
939 1593 1041 1676 ipsius
1064 1593 1281 1658 commentarii
1303 1616 1374 1661 cnm
1390 1616 1463 1679 sup·

316 1695 487 1781 plementis
517 1698 555 1762 A.
581 1695 675 1762 Hirtii
705 1694 901 1776 aliorumque
930 1693 1067 1760 tradunt.
1113 1696 1245 1761 Praeter
1273 1716 1328 1762 eos
1357 1703 1465 1764 autem

316 1798 413 1864 etiam
435 1797 538 1863 Asinii
559 1798 713 1864 Pollionis
734 1796 886 1862 historiae
908 1796 1070 1861 veteribus
1092 1797 1357 1881 suppeditabant,
1379 1797 1466 1864 unde

316 1905 485 1984 sumerent,
508 1899 564 1981 qui
586 1900 705 1965 vellent
726 1899 866 1965 scribere
884 1898 1060 1963 historiam.
1090 1899 1204 1979 ltaque
1219 1919 1291 1964 cum
1306 1919 1465 1965 commen-

316 2001 389 2067 tarii
411 2001 539 2084 quidem
562 2001 656 2068 nobis
679 2000 797 2067 servati
820 2002 898 2082 sint,
930 1999 1081 2066 historiae
1109 2005 1216 2065 antem
1240 2021 1304 2066 non
1327 2006 1463 2084 exstent,

314 2102 543 2188 indagantibus
557 2102 651 2168 nobis
664 2103 783 2185 primos
798 2103 902 2167 fontes
917 2102 1105 2185 scriptorum
1120 2101 1234 2166 aetatis
1250 2101 1464 2169 Caesarianae

316 2224 395 2287 opus
418 2211 468 2271 est
490 2211 564 2270 ante
587 2205 693 2270 omnia
714 2203 851 2288 spatium
873 2203 1026 2286 temporis
1047 2201 1196 2287 definire,
1226 2203 1311 2283 quod
1332 2203 1463 2270 Asinius

315 2306 483 2372 scribendo
507 2307 692 2390 complexus
714 2305 764 2371 sit.
798 2307 905 2385 Atque
926 2310 1071 2387 superest
1092 2305 1272 2370 etiamnunc
1287 2306 1368 2371 haec
1382 2304 1464 2370 diffi-

316 2410 428 2491 cultas,
451 2410 598 2488 quamvis
618 2408 796 2473 luculenter
810 2405 1001 2472 Thorbeche
1023 2406 1123 2472 vitam
1144 2414 1176 2471 et
1190 2407 1297 2473 studia
1310 2407 1464 2473 Pollionis

318 2510 501 2591 exposuerit
515 2507 547 2590 ¹).
576 2510 662 2575 Nam
684 2511 886 2576 Drumannus
910 2509 1038 2592 quidem
1053 2507 1197 2592 inprimis
1211 2509 1375 2592 rationem,
1398 2528 1465 2590 qua

316 2611 420 2675 Pollio
441 2609 474 2674 in
496 2630 531 2674 re
554 2611 683 2693 publica
704 2611 846 2694 gerenda
867 2630 942 2678 usus
963 2617 1057 2692 esset,
1080 2610 1242 2693 explicare
1264 2609 1326 2675 sibi
1348 2629 1462 2694 propo-

315 2711 478 2793 suerat2),
505 2710 775 2794 d’Hendeconrti)
805 2719 912 2780 autem
941 2719 973 2778 ct
995 2712 1049 2794 qui
1071 2711 1264 2778 novissimus
1286 2711 1328 2778 de
1351 2710 1461 2777 Asinio

314 2815 450 2898 scripsit,
470 2813 592 2879 Aulard
602 2815 628 2895 ⁴)
646 2833 840 2895 quamquam
854 2814 1099 2900 diligentissime
1113 2820 1210 2896 atque
1225 2813 1378 2896 expedita
1392 2833 1462 2878 ora·

314 2917 401 2981 tione
424 2922 455 2981 et
476 2917 577 2981 vitam
598 2916 703 2981 Asinii
725 2917 888 2982 Pollionis
904 2920 1034 2981 narrant
1059 2920 1091 2980 et
1116 2913 1272 2996 quidquid
1294 2915 1326 2979 in
1349 2915 1461 2981 litteris

314 3015 457 3082 effecerit
479 3015 706 3098 demonstrant,
729 3022 836 3080 tamen
857 3017 1006 3082 historias
1028 3017 1122 3081 nimis
1144 3016 1324 3100 neglegunt.
1365 3014 1459 3082 Unde

314 3117 395 3182 haee
416 3115 621 3198 neglegentia
643 3121 712 3182 orta
734 3116 784 3198 sit,
807 3115 876 3200 ipse
891 3116 1014 3182 Aulard
1029 3118 1141 3200 aperit,
1164 3139 1236 3184 cum
1252 3117 1328 3184 dicit
1343 3117 1378 3199 (l.
1394 3136 1418 3182 s.
1434 3136 1459 3182 s.

313 3239 343 3302 p.
361 3219 431 3300 68);
456 3216 582 3295 „Quum
605 3237 680 3308 ergo
703 3217 790 3284 credi
812 3217 914 3300 possit
937 3217 1005 3284 eius
1027 3217 1083 3301 (sc.
1106 3219 1208 3286 Asinii
1230 3217 1280 3302 P.)
1302 3219 1459 3301 historias,

311 3341 375 3386 non
397 3325 551 3401 servatas,¹
574 3319 631 3385 sed
646 3319 832 3404 saepissime
848 3320 890 3385 ad
911 3319 1045 3385 formam
1067 3319 1268 3386 historiarum
1290 3341 1418 3387 suarum
1440 3341 1460 3387 a

399 3492 422 3552 1)
441 3487 635 3542 Commentatio
654 3486 687 3540 dc
700 3487 728 3540 Ο.
739 3486 826 3541 Asinii
838 3486 968 3542 Pollionis
980 3486 1036 3541 rita
1048 3489 1076 3540 et
1087 3486 1182 3541 studiis
1195 3486 1343 3542 doctrinae.
1370 3486 1457 3555 Lugd.

311 3571 371 3626 Bat.
393 3575 466 3626 1820.

397 3660 424 3720 2)
444 3656 539 3711 Gesch.
559 3655 643 3710 Roms
661 3660 713 3708 etc.
731 3654 758 3707 ll
776 3649 804 3722 pq
823 3658 913 3721 1-12,
934 3659 1011 3724 1835;
1031 3656 1079 3711 cfr.
1099 3673 1125 3725 p.
1148 3662 1158 3709 1
1179 3660 1235 3711 not.
1257 3662 1279 3709 1.

398 3745 422 3805 3)
440 3741 482 3794 De
490 3740 553 3805 rita,
562 3740 645 3809 gestis
656 3744 684 3794 et
695 3738 803 3807 scriptis
816 3739 903 3793 Asinii
914 3740 1044 3796 Pollionis
1058 3741 1131 3804 (diss.
1143 3741 1245 3810 inaug.)
1254 3741 1371 3796 Loewen
1385 3744 1456 3795 1868.

396 3828 423 3890 4)
440 3824 482 3878 De
500 3824 560 3878 Gaii
577 3822 665 3877 Asinii
683 3823 811 3878 Pollionis
833 3823 888 3878 rita
910 3829 938 3878 at
961 3825 1070 3894 scriptis
1094 3825 1172 3880 Paris
1194 3829 1256 3880 1811
1281 3833 1335 3895 (ap.
1357 3827 1459 3880 Ernest

311 3909 433 3974 Thurin).
468 3907 584 3963 Frustra
607 3907 815 3972 contendebam,
840 3913 870 3961 ut
890 3908 1050 3978 inspicerem
1072 3910 1189 3976 libellos,
1212 3927 1281 3980 quos
1304 3909 1337 3964 F.
1362 3909 1456 3963 lacob:

308 3994 420 4050 Asinius
438 3993 536 4057 Pollio,
554 3993 684 4047 Luebeck
705 3997 767 4048 1862
785 3999 813 4047 et
830 3994 862 4048 B.
879 3995 1013 4049 Luzzato:
1032 3994 1183 4052 Richerehs
1200 3995 1318 4050 storiche
1336 4009 1369 4049 su
1389 3993 1456 4049 Gaio

309 4079 404 4134 Asinio
423 4078 544 4132 Pollione
561 4077 655 4133 Padus
676 4081 737 4132 1861
758 4084 976 4147 composuerunt.
