3202 4862
313 367 374 428 328
747 370 878 439 Georgius
896 369 1019 424 Thouret

397 543 514 606 Verum
537 563 607 607 cum
630 542 718 608 nullo
741 542 836 608 modo
859 541 962 609 Pollio
978 540 1160 606 Trallianus
1181 539 1286 606 Asinii
1306 540 1472 606 Pollionis

312 643 443 727 libertus
465 643 641 709 existimari
662 644 771 727 possit,
795 663 835 708 ea
856 643 971 709 verbex
997 637 1014 707 ὁ
1032 633 1179 717 Ἀσίνιος
1198 646 1406 727 χρηματίσας
1431 648 1473 708 et

312 739 397 831 ὑπὲρ
418 746 477 809 τοῦ
500 741 662 832 ἐμφυλίου
684 769 712 809 κ.·
728 769 756 808 a.
774 745 801 808 λ.
826 744 923 809 errori
939 743 1058 810 Suidae
1080 742 1284 809 attribuenda
1305 762 1376 809 csso
1397 763 1471 810 non

313 839 426 914 uereor
455 846 656 913 contendere.
701 843 887 910 Sedunum
913 845 1079 926 reliquum.
1124 842 1278 921 Quamvis
1307 846 1392 910 enim
1418 845 1470 910 sit

311 950 514 1034 perspicuum
537 947 671 1013 Suidam
691 946 762 1030 ipso
784 946 911 1012 nominc
936 945 1082 1011 Πωλίων
1110 945 1142 1011 in
1171 966 1309 1012 errorem
1332 944 1469 1011 ductum

312 1071 398 1133 esse,
429 1058 630 1117 tamencum
659 1049 766 1114 nescio
794 1068 870 1113 num
899 1067 974 1114 vere
1002 1055 1150 1130 putemus
1179 1055 1245 1113 tam
1275 1067 1469 1132 perversum

312 1159 408 1234 atque
436 1159 542 1218 mente
572 1157 699 1237 captum
726 1151 840 1232 fuisse,
871 1155 922 1233 ut,
952 1170 1022 1216 oum
1055 1150 1095 1216 de
1117 1149 1263 1215 Pollione
1285 1149 1467 1226 Tralliano,

313 1254 436 1321 Graeco
459 1252 597 1335 quodam
611 1250 803 1338 philosopho
821 1258 852 1317 ct
869 1251 1006 1330 rhetore,
1028 1252 1127 1317 verba
1142 1254 1247 1316 lacere
1261 1250 1466 1336 instituisset,

312 1355 443 1421 alterius
457 1355 621 1436 Pollionis,
645 1354 787 1419 historici
802 1353 945 1435 Romani,
968 1353 1121 1418 memoria
1136 1353 1338 1438 perturbatus
1354 1351 1466 1420 omnia

312 1456 517 1522 confunderet
539 1455 816 1538 permisceretquc.
859 1454 1060 1521 Incredibilis
1088 1455 1155 1520 scre
1178 1455 1260 1520 haec
1282 1454 1361 1519 mihi
1383 1455 1464 1519 stul-

311 1558 382 1624 titia
404 1556 530 1623 videtur
553 1575 631 1622 esse.
664 1555 728 1621 Sed
750 1556 819 1622 ficri
841 1558 944 1640 potuit
965 1560 1001 1622 ut
1022 1555 1088 1622 alia
1108 1575 1204 1621 causa
1219 1556 1346 1622 errandi
1362 1563 1461 1639 esset;

312 1657 398 1740 quod
420 1658 466 1723 ita
487 1658 586 1723 fuisse
609 1657 825 1723 demonstrare
848 1659 995 1725 conabor.
1025 1659 1140 1739 Neque
1162 1677 1239 1723 vcro
1260 1657 1295 1722 id
1311 1657 1462 1724 hocloco

311 1758 510 1826 commodum
534 1759 609 1842 erit;
636 1758 827 1844 disputando
851 1759 891 1824 de
914 1779 953 1826 ea
974 1780 1009 1826 re
1029 1759 1124 1826 finem
1148 1758 1344 1841 quaestionis
1366 1759 1462 1825 huius

310 1861 399 1928 initio
422 1867 599 1927 annectam.

395 1961 586 2044 Redeamus,
607 1962 692 2028 unde
714 1962 851 2045 digressi
865 1982 973 2029 sumus
989 1971 1022 2030 et
1036 1981 1224 2028 renovemus
1240 1962 1463 2044 quaestionem

311 2064 350 2129 dc
372 2063 476 2130 Asinii
497 2063 651 2129 Pollionis
673 2063 822 2130 historiis.

394 2166 523 2231 Asinius
553 2163 628 2230 inde
657 2184 676 2228 a
706 2184 768 2247 quo
799 2185 881 2231 anno
911 2184 962 2231 res
989 2168 1097 2248 gestas
1126 2163 1302 2248 scripserit,
1332 2185 1460 2231 carmen

308 2267 448 2350 Horatii,
473 2265 558 2348 quod
580 2286 676 2350 supra
698 2266 944 2332 commemoravi
968 2265 1036 2347 (cir.
1052 2287 1083 2349 p.
1100 2265 1175 2349 326)
1198 2264 1300 2332 docet.
1339 2266 1458 2334 Omnes

309 2373 392 2439 enim
416 2370 477 2436 viri
498 2368 585 2434 docti
611 2371 810 2435 consentiunt
831 2367 1004 2450 Metellum,
1029 2387 1122 2451 quem
1138 2369 1289 2434 Horatius
1306 2353 1459 2450 nominat,

309 2473 346 2551 Q.
363 2472 536 2538 Caecilium
552 2470 714 2536 Metellum
738 2469 883 2534 Celerem
904 2468 1166 2551 intellegendum,
1189 2470 1244 2553 qui
1259 2490 1288 2536 a.
1307 2473 1368 2535 694
1384 2490 1413 2535 u.
1430 2490 1458 2535 c.

309 2594 380 2639 cum
410 2572 445 2636 L.
473 2570 605 2636 Afranio
633 2571 742 2635 consul
772 2571 839 2635 tuit.
890 2570 1002 2652 ltaque
1029 2568 1202 2636 dilucidum
1230 2577 1279 2638 cst
1311 2570 1457 2636 Asinium

308 2674 485 2741 Pollionem
501 2665 637 2756 aprime
653 2671 862 2754 triumviratu,
886 2672 940 2753 qui
963 2671 1086 2754 dicitur,
1110 2671 1277 2738 exordium
1298 2672 1457 2738 scribendi

309 2774 490 2861 sumpsisse.
535 2776 635 2840 Porro
661 2793 732 2838 cum
754 2773 906 2839 Horatius
934 2774 1020 2840 dicat
1046 2773 1201 2850 „civicum
1226 2774 1364 2839 bellum“
1387 2773 1456 2840 Asi·

309 2879 396 2944 nium
417 2883 580 2959 tractasse,
605 2876 749 2959 quaestio
772 2878 920 2957 nascitur,
944 2876 987 2941 ad
1009 2893 1104 2956 quem
1126 2893 1227 2956 usque
1249 2894 1367 2940 annum
1387 2894 1455 2940 nar·

247 3033 249 3038 ,
309 2981 463 3047 rationem
491 2979 668 3063 protulerit.
712 2980 920 3061 Fragmenta,
950 2984 985 3041 ut
1013 2995 1109 3059 supra
1137 2974 1221 3058 dixi,
1250 2997 1367 3042 annum
1396 2980 1452 3039 711

309 3103 338 3147 u.
355 3101 381 3147 c.
397 3101 460 3146 non
483 3080 642 3144 excedunt
653 3079 691 3162 ¹):
717 3079 775 3144 sed
798 3079 964 3163 quominus
985 3078 1047 3143 hoc
1061 3098 1144 3143 anno
1161 3096 1242 3160 opus
1258 3076 1454 3159 definiamus,

310 3184 397 3248 locus
420 3181 475 3247 ille
496 3180 679 3246 notissimus
701 3179 733 3243 in
752 3180 856 3245 Taciti
878 3179 1212 3264 annalibusimpedit,
1234 3179 1290 3244 ubi
1311 3175 1378 3260 (IV,
1403 3177 1455 3261 34)

309 3282 440 3350 Tacitus
463 3282 657 3349 Cremutium
680 3280 818 3347 Cordum
841 3278 921 3345 haec
947 3280 1047 3344 verba
1074 3280 1242 3345 facientem
1269 3279 1453 3345 introducit:

309 3384 433 3462 ,Asinii
463 3384 616 3450 Pollionis
649 3383 767 3467 scripta
797 3382 958 3465 egregiam
988 3381 1160 3447 eorundem
1193 3381 1272 3462 (scil.
1304 3382 1395 3446 Bruti
1424 3386 1455 3444 et

309 3485 427 3571 Cassii)
450 3484 635 3551 memoriam
658 3483 817 3549 tradunt“
851 3485 934 3548 Nam
957 3482 1151 3548 Cremutium
1172 3483 1271 3549 verbo
1294 3482 1455 3567 ,scripta“

309 3587 458 3654 historias
474 3586 630 3652 Pollionis
651 3585 830 3666 significare
850 3584 928 3648 mihi
943 3583 1071 3666 quidem
1087 3603 1274 3667 persuasum
1290 3590 1346 3650 est.
1384 3583 1454 3650 Asi-

311 3683 381 3754 nius
404 3694 522 3772 autem,
545 3689 572 3753 si
594 3688 689 3752 etiam
706 3685 810 3751 Cassii
826 3684 986 3768 egregiam
1002 3687 1186 3752 memoriam
1201 3684 1329 3751 tradere
1343 3685 1453 3767 voluit,

310 3808 479 3871 quamnam
510 3788 605 3854 aliam
636 3787 834 3854 occasionem
865 3785 966 3852 Cassii
994 3786 1148 3850 laudandi
1178 3787 1318 3870 repperit
1338 3788 1400 3852 nisi
1421 3785 1454 3850 in

308 3890 430 3976 proelio
452 3889 650 3973 Philippensi
677 3886 859 3954 narrando?
903 3888 952 3951 An
982 3889 1066 3970 quod
1088 3887 1257 3953 Gaesarem
1282 3885 1454 3953 trucidarit

309 3994 512 4003 ————-——-

396 4045 419 4105 1)
436 4039 584 4100 Postremo,
604 4037 675 4106 quod
693 4037 797 4092 Seneca
815 4042 897 4104 (suas.
910 4037 972 4101 VII)
990 4037 1143 4104 reservarit,
1162 4036 1195 4090 de
1213 4035 1351 4091 Ciceronis
1368 4039 1455 4091 morte

308 4125 403 4193 agitur.
