3202 4862
587 1192 886 1260 PRAEFATIO.

242 1413 386 1481 Historia
407 1411 544 1479 labentis
566 1413 687 1480 liberae
709 1411 919 1497 reipublicae
934 1412 1096 1481 Romanae
1112 1413 1245 1480 historia
1260 1423 1310 1483 est

156 1515 313 1583 Caesaris.
359 1515 529 1582 Caesarem
551 1519 659 1581 autem
686 1534 757 1581 eam
787 1513 874 1578 viam
903 1511 1081 1596 ingressum
1110 1535 1196 1598 esse,
1226 1536 1308 1599 quae

155 1622 230 1702 post
245 1616 378 1684 caedem
395 1615 609 1682 Gracchorum
619 1615 720 1682 ‘rebus
735 1614 889 1682 Romanis
904 1621 990 1682 esset
1004 1621 1168 1699 tamquam
1187 1624 1307 1702 aperta,

155 1719 356 1787 consentiunt
377 1716 438 1783 viri
461 1717 546 1800 docti
573 1724 702 1784 nostrae
730 1717 861 1798 aetatis,
892 1715 980 1781 cuius
1002 1717 1127 1784 -nisi
1149 1719 1244 1785 fallor
1266 1755 1308 1766 —

154 1819 316 1906 proprium
334 1826 382 1885 est
397 1817 535 1884 studium
557 1818 720 1886 hominum
741 1836 895 1902 personas
917 1837 958 1883 ex
980 1817 1084 1902 rebus,
1107 1839 1170 1884 non
1192 1839 1243 1886 res
1266 1840 1307 1886 ex

154 1921 300 2006 personis
321 1918 537 1998 intellegendi.
575 1921 618 1984 At
640 1927 783 1986 veterum
805 1917 995 2002 scriptorum
1019 1919 1104 2000 quod
1126 1940 1219 1987 nemo
1241 1921 1307 1988 fere

155 2041 261 2088 rerum
283 2022 496 2088 Romanarum
523 2038 724 2105 progressus,
753 2019 808 2102 qui
829 2020 889 2086 fuit
910 2039 930 2084 a
952 2018 1105 2086 Gracchis
1134 2039 1235 2102 usque
1263 2023 1305 2089 ad

157 2121 339 2206 Caesarem,
362 2122 517 2189 rationem
540 2121 667 2205 habuit,
689 2121 797 2188 mirari
819 2120 1014 2204 desinemus,
1039 2121 1067 2187 si
1092 2121 1305 2190 considerabi-

154 2245 239 2307 mus,
270 2243 335 2305 qua
356 2224 405 2290 usi
426 2223 490 2290 sint
513 2222 638 2290 ratione
666 2223 699 2288 in
729 2222 907 2289 scribendo.
952 2224 1035 2289 Nam
1062 2227 1191 2308 praeter
1219 2225 1304 2291 viros

76 2319 79 2328 ⁴
154 2344 270 2408 resque
292 2325 376 2392 bello
398 2332 505 2410 gestas
527 2324 741 2410 neglegebant
761 2324 991 2410 propemodum
1014 2325 1121 2390 omnia
1132 2324 1165 2404 ¹).

240 2429 348 2510 Atque
370 2428 512 2511 profecto
535 2427 654 2494 Caesar
675 2432 744 2493 erat
765 2427 802 2510 is,
827 2427 881 2507 qui
903 2425 1026 2492 animos
1049 2425 1213 2506 hominum
1235 2447 1305 2514 per·
1329 2515 1332 2520 ,

154 2534 278 2597 cuteret
300 2528 417 2611 quique
437 2527 598 2594 neminem
619 2527 737 2594 nullius
759 2529 858 2612 partis
881 2547 951 2594 esse
972 2527 1100 2595 sineret.
1137 2527 1173 2594 In
1195 2528 1303 2612 ingen-

155 2630 240 2696 tibus
255 2629 320 2694 illis
334 2628 589 2710 immanibusque
605 2626 860 2696 dimicationibus
876 2633 908 2696 et
921 2627 1004 2694 inter
1018 2627 1122 2713 ipsam
1141 2627 1303 2698 flammam

154 2729 233 2796 belli
255 2729 358 2795 civilis
380 2729 510 2795 valebat
532 2748 628 2794 unum
650 2729 726 2796 hoc:
748 2733 804 2795 aut
824 2750 881 2812 pro
905 2737 1033 2796 meant
1055 2735 1165 2796 contra
1187 2751 1238 2797 me
1260 2767 1302 2778 -

153 2831 281 2901 tertium
302 2851 366 2897 non
389 2831 490 2897 datur.
533 2831 646 2912 Itaque
668 2828 738 2895 fieri
760 2848 823 2894 non
844 2829 961 2912 potuit,
986 2830 1061 2910 quin
1084 2849 1301 2914 quaecumque

152 2934 193 3001 ab
216 2932 405 3015 aequalibus
426 2937 502 2997 tunc
523 2931 735 2998 scriberentur
758 2929 798 2995 de
821 2929 975 3011 Caesare,
1000 2930 1141 2998 maxime
1162 2932 1245 2999 inter
1266 2953 1301 3000 se
1338 2950 1341 2956 ·

152 3036 384 3120 discreparent:
408 3033 484 3116 quin
505 3035 679 3099 sectatores
699 3029 847 3100 Caesaris
869 3030 910 3095 ab
933 3031 1197 3100 obtrectatoribus
1219 3035 1301 3102 sicut
1335 3105 1337 3110 ,

150 3137 206 3202 lux
222 3157 241 3202 a
256 3140 349 3204 nocte
364 3134 529 3202 distarent.
565 3135 648 3200 Tum
663 3126 800 3200 demum'
813 3153 885 3200 cum
908 3132 1082 3200 dimicandi
1103 3134 1175 3201 finis
1197 3138 1299 3205 factus

149 3243 220 3302 erat
240 3237 391 3318 aequales
414 3234 573 3326 sedatiore
596 3234 703 3301 animo
725 3236 765 3301 de
789 3233 927 3301 Caesare
948 3233 1089 3302 iudicare
1114 3256 1228 3320 resque
1255 3239 1298 3306 ab

149 3359 189 3406 eo
210 3344 319 3424 gestas
340 3337 490 3418 aequiore
512 3337 585 3402 stilo
608 3337 746 3403 scribere
767 3339 944 3420 potuerunt.

233 3437 287 3504 Ad
308 3436 562 3522 cognoscendam
577 3438 740 3505 historiam
756 3436 871 3502 aetatis
885 3436 1099 3504 Caesarianae
1122 3437 1174 3520 qui
1198 3440 1295 3524 scrip-

148 3545 233 3607 tores
260 3539 353 3606 nobis
381 3539 454 3606 usui
480 3545 569 3624 sunt,
599 3559 706 3607 eorum
735 3538 879 3624 plerique
908 3573 949 3584 -
980 3537 1052 3605 dico
1081 3539 1295 3624 Plutarchum,

148 3642 338 3727 Appianum,
362 3640 507 3706 Cassium
528 3640 665 3707 Dionem
689 3676 728 3686 -
751 3641 874 3722 aliquot
894 3639 1030 3705 saeculis
1052 3646 1124 3724 post
1150 3642 1296 3712 Caesaris

146 3743 271 3810 obitum
292 3741 471 3808 floruerunt.

231 3843 487 3927 obstupefactus,
511 3842 598 3926 quod
619 3861 729 3909 omnes
749 3843 816 3909 fere
838 3847 964 3908 veteres
979 3843 1148 3928 scriptores
1164 3844 1294 3912 Caesari

150 3981 353 3992 ———-

234 4065 257 4126 1)
276 4059 330 4114 Cir.
349 4059 475 4116 Nitasch:
497 4061 550 4118 Die
568 4060 711 4117 Gracchan
729 4065 790 4129 etc,
809 4058 900 4114 Berlin
920 4063 994 4126 1847,
1011 4076 1039 4129 p.
1059 4064 1118 4116 436.
