3202 4862
404 390 438 446 de
456 390 593 459 Cicerone,
612 391 707 447 Asinio
725 391 855 460 Pollione,
875 393 943 450 Gaio
962 394 1058 466 Oppio.
1249 393 1310 455 349

149 564 239 632 saris
264 585 335 632 enm
357 563 485 647 attingit
506 564 555 630 his
578 564 655 632 solis
677 563 784 631 verbis
807 561 848 648 (c.
865 567 883 628 9
901 563 973 654 in.):
996 557 1034 630 οὗ
1056 565 1122 654 μὴν
1145 559 1254 656 ἀπέβη
1275 595 1312 636 τι

151 663 348 754 ταραχῶδες
372 656 434 728 ἀπ’
461 657 564 752 αὐτῆς
587 663 644 748 (se.
668 664 891 754 στρατηγίας).

244 774 273 836 6.
306 769 344 834 In
367 768 531 834 consulatu
553 766 702 834 Caesaris
725 767 915 835 Plutarchus
937 788 976 835 ea
1004 769 1125 855 omnia,
1156 790 1238 853 quae
1268 773 1311 838 ab

151 869 351 938 adversariis
373 889 501 953 semper
516 868 647 936 Caesari
669 889 792 937 summo
815 868 938 935 crimini
960 870 1127 956 dabantur,
1150 879 1205 939 aut
1219 893 1310 959 prae-

152 973 231 1040 terit
253 979 309 1039 ant
330 976 454 1038 tantum
475 991 539 1037 non
561 971 693 1037 omittit:
716 971 789 1038 dico
812 991 941 1038 eausam
959 972 1057 1039 Vettii
1078 972 1192 1040 iudicis
1204 974 1241 1058 ¹),
1263 995 1310 1044 re·

152 1074 341 1141 missionem
374 1075 488 1166 tertiae
520 1071 704 1138 mercedum
735 1073 836 1156 partis
865 1073 1046 1158 publicanis
1077 1095 1261 1142 concessam
1273 1076 1310 1161 ²),

153 1197 268 1262 agrum
290 1175 488 1260 Campanum
510 1173 650 1240 divisum
660 1172 702 1258 ³),
732 1173 870 1256 denique
895 1172 1114 1244 iusiurandum
1142 1177 1175 1243 in
1204 1178 1309 1260 legem

151 1279 270 1345 Iuliam
292 1277 452 1362 agrariam
463 1273 500 1359 ⁴).

242 1379 304 1444 Hic
325 1378 404 1445 mihi
426 1381 568 1462 opponat
582 1376 699 1460 aliquis
713 1377 815 1462 ipsius
831 1376 996 1442 Plutarchi
1010 1378 1111 1444 verba
1125 1376 1165 1461 (c.
1180 1383 1219 1442 14
1235 1380 1309 1466 in.):

154 1475 260 1558 stobe
282 1479 430 1568 εἶςέφερε
452 1476 574 1562 νόμους
597 1469 654 1560 οὗχ
676 1473 795 1564 ὑπάτῳ
810 1475 1037 1565 προςήκοντας
1052 1471 1137 1545 ἀλλὰ
1154 1479 1310 1568 δημάρχῳ

153 1585 222 1650 τινὶ
244 1578 466 1669 θρασυτάτῳ,
491 1578 580 1662 'quae
608 1579 738 1648 minime
761 1580 894 1647 Caesari
915 1581 1034 1648 favent.
1080 1581 1146 1650 Sed
1169 1603 1248 1648 cave
1269 1605 1311 1652 ne

154 1685 251 1752 nimis
280 1685 327 1752 eis
352 1683 490 1748 tribuas:
519 1701 648 1766 prorsus
678 1682 763 1748 euim
786 1682 970 1767 discrepant
995 1684 1036 1750 ab
1059 1685 1204 1750 omnihus
1228 1703 1310 1766 quae

155 1785 348 1853 antecedunt
371 1802 516 1868 quaeque
539 1789 722 1865 sequuntur.
759 1784 831 1864 Qua
852 1783 894 1850 dc
909 1804 1007 1850 causa
1022 1785 1171 1852 existimo
1185 1787 1309 1854 Plutar-

155 1889 251 1954 chum
272 1888 331 1953 illa
352 1888 454 1952 verba
474 1884 648 1952 memoriae
667 1883 795 1969 dehere,
818 1884 905 1970 quod
923 1885 969 1952 ita
983 1884 1200 1954 demonstrare
1215 1908 1308 1954 cona-

157 1991 219 2055 bor
240 1996 274 2055 ut
296 1989 510 2056 demonstrem
532 1986 738 2053 Plutarchum
760 1987 822 2052 hoc
844 1988 915 2055 loco
936 1987 1029 2071 plura
1051 1987 1233 2055 memoriter
1256 2009 1309 2055 ex·

153 2091 308 2176 posuisse.
352 2090 401 2156 Ac
422 2089 559 2173 primum
582 2088 713 2170 quidem
741 2088 804 2155 huc
829 2089 1004 2174 pertinent,
1034 2108 1117 2173 quae
1138 2089 1309 2173 Pompeius

156 2197 287 2274 rogatus
308 2211 329 2257 a
351 2188 506 2272 Caesare,
535 2188 688 2270 quidnam
710 2188 751 2256 de
773 2190 845 2275 lege
867 2191 995 2272 agraria
1016 2190 1164 2275 sentiret,
1187 2191 1310 2259 dixisse

153 2294 268 2376 t'ertur,
301 2311 383 2375 quae
412 2291 513 2358 verba
542 2310 614 2356 cum
641 2289 674 2356 in
703 2291 771 2357 vita
793 2291 942 2358 Caesaris
963 2289 1003 2374 (c.
1031 2297 1085 2374 14,
1109 2291 1143 2377 4)
1165 2293 1309 2359 oratione

156 2395 296 2475 obliqua,
318 2394 352 2459 in
374 2392 442 2459 vita
464 2398 570 2459 autem
585 2392 719 2476 Pompei
742 2393 863 2461 directa
877 2393 1020 2460 oratione
1042 2390 1082 2476 (o.
1100 2391 1156 2474 47)
1179 2393 1307 2460 badan-

154 2503 215 2580 tur,
237 2494 304 2562 illic
327 2515 368 2561 ex
390 2493 545 2560 memoria
567 2493 645 2559 mihi
667 2495 815 2562 videntur
837 2496 940 2562 relata
966 2513 1046 2560 esse.
1083 2492 1209 2561 Deinde
1223 2495 1307 2563 Plut.

154 2597 188 2661 in
203 2597 323 2663 (latone
344 2597 418 2663 min.
435 2593 557 2661 eisdem
579 2614 654 2661 usus
676 2596 783 2662 verbis
806 2595 847 2663 de
870 2595 1034 2662 consulatu
1057 2593 1205 2662 (laeseris
1227 2595 1307 2663 haec

153 2698 251 2764 tradit
281 2696 322 2780 (c.
346 2700 386 2762 32
409 2697 480 2781 in.):
511 2693 532 2760 ἃ
562 2692 625 2781 χολρ
655 2695 688 2760 οἱ
715 2695 986 2782 θρασύτατοι
1014 2693 1222 2782 δήμαρχοι
1251 2700 1307 2763 καλ
1426 2719 1435 2735 ·

154 2791 395 2885 ὀλιγωρότατοι
424 2795 511 2884 πρὸς
535 2795 634 2882 χάριν
663 2793 897 2862 ἐπολιτεύοντο
926 2799 992 2862 τῶν
1020 2795 1171 2876 πολλῶν,
1202 2800 1307 2862 ταῦτα

155 2893 219 2964 ἀπ’
252 2897 405 2977 ἐξουσίας
434 2895 597 2984 ὑπατικῆς
625 2895 769 2983 αἰσχρῶς
796 2899 852 2962 καὶ
880 2899 1049 2972 ταπεινῶς
1078 2891 1307 2981 ὑποδυόμενος

153 2999 212 3067 τὸν
235 3000 339 3088 δῆμον
361 2998 506 3086 ἔπραττε
528 2999 597 3083 (cfr.
621 3020 650 3065 v.
674 2997 764 3065 Caes.
789 3019 814 3065 e.
840 3003 879 3062 14
901 2997 969 3084 im).

238 3105 345 3186 Atque
373 3100 427 3167 hic
457 3099 586 3182 quidem
614 3099 774 3167 sententia
794 3101 960 3168 Plutarchi
988 3102 1226 3185 comprobanda
1248 3112 1306 3189 est,

153 3227 227 3272 cum
247 3207 336 3286 leges
358 3223 379 3268 a
401 3202 538 3269 Caesare
566 3203 650 3269 latas
673 3203 879 3269 vehementer
906 3203 1082 3286 vituperat:
1112 3203 1145 3269 in
1168 3204 1307 3273 Caesare

153 3311 261 3372 autem
283 3307 372 3372 locus
394 3325 457 3372 non
479 3313 537 3388 est,
560 3305 616 3370 ubi
638 3323 693 3370 eas
716 3304 805 3386 leges
823 3303 1042 3367 tantummodo
1058 3305 1241 3369 summatim
1257 3313 1303 3370 at

152 3407 258 3488 tingit.
293 3408 406 3489 Itaque
428 3406 579 3490 adducor,
602 3412 638 3471 ut
659 3403 841 3470 existimem
863 3400 1068 3468 Plutarchum
1084 3423 1155 3469 cum
1171 3404 1202 3468 in
1217 3406 1305 3471 fonte

152 3529 211 3576 suo
234 3507 408 3575 admodum
428 3507 508 3574 nihil
531 3506 572 3573 de
593 3507 658 3571 illis
680 3505 805 3588 legibus
823 3510 1104 3570 commemoratum
1121 3504 1305 3592 invenisset,

152 3609 316 3692 redegisse
338 3611 370 3675 in
394 3630 491 3676 unum
513 3627 627 3693 corpus
648 3607 788 3688 undique
811 3605 964 3672 memoria
986 3613 1138 3688 congesta
1147 3607 1183 3692 5).

242 3799 264 3860 1)
284 3793 338 3849 Cir.
357 3792 393 3848 ad
410 3794 467 3848 nte
485 3792 513 3845 11
531 3795 572 3844 24.
609 3789 719 3844 Sueten.
738 3788 787 3843 div.
808 3790 858 3845 lul.
877 3793 909 3843 20
927 3794 995 3844 extr.

239 3882 265 3946 2)
283 3877 338 3934 cfr.
357 3878 502 3934 Susiani.
522 3891 544 3931 s,
563 3890 586 3931 s.
606 3889 629 3928 o.
648 3877 680 3928 20
698 3874 767 3928 med.

240 3967 266 4029 3)
285 3963 325 4019 Cf.
344 3963 379 4018 ad
396 3966 452 4018 Att.
470 3961 498 4015 II
518 3964 558 4014 16.
594 3958 706 4014 Sueten.
723 3959 740 4012 l.
760 3975 782 4015 s.
801 3975 822 4014 s.
842 3976 865 4016 e.
885 3963 926 4014 20.

238 4053 267 4115 4)
283 4047 339 4102 ctr.
360 4048 433 4103 Plut.
451 4048 519 4102 Cato
538 4037 600 4098 min.
618 4047 659 4098 ³2.

239 4138 265 4198 5)
283 4133 374 4188 Vitam
400 4132 510 4188 Catonis
535 4133 599 4184 min.
625 4131 688 4184 ante
714 4128 839 4184 Caesaris
862 4127 1038 4198 compositam
1062 4142 1121 4183 esse
1145 4129 1305 4199 comprobat

1049 4230 1097 4282 23*
