3202 4862
313 379 375 440 356
421 408 426 418 ·
747 377 880 445 Georgius
898 376 1020 432 Thouret

397 553 529 618 Peterus
552 550 612 618 hoc
634 550 726 617 nihili
745 553 838 634 putat
860 547 895 632 (l.
911 549 932 614 l.
947 571 979 634 p.
998 546 1084 631 126),
1107 547 1158 614 cni
1180 567 1219 615 eo
1234 548 1338 630 magis
1354 570 1466 617 assen-

312 653 409 720 tiatur
431 653 557 738 aliquis,
580 651 666 738 quod
687 652 749 718 viri
770 650 866 732 docti,
890 650 945 732 qui
966 670 1049 717 nuno
1074 653 1156 734 sunt,
1180 670 1218 718 eo
1240 649 1405 737 inclinant,
1428 660 1466 719 ut

313 754 497 822 existiment
510 753 715 822 Plutarchum
737 757 876 836 auctore,
899 771 994 834 quem
1017 751 1169 835 nominet,
1191 771 1284 819 usum
1301 773 1364 820 non
1379 773 1465 821 csse.

312 856 378 924 Sed
406 856 565 924 hocloco
594 856 659 923 alia
687 875 785 922 causa
812 861 870 920 est.
915 853 995 920 Cum
1018 852 1103 920 enim
1132 853 1211 920 satis
1238 873 1399 940 superque
1421 857 1466 922 sit

313 959 437 1026 duobus
465 959 559 1025 simul
590 957 703 1024 scribis
731 955 930 1037 satisfacere,
951 955 1142 1022 Plutarchus
1169 961 1278 1022 autem
1302 956 1465 1026 inveniret

312 1060 408 1127 etiam
431 1060 574 1146 pluribus
589 1059 759 1126 Gaesarem
782 1057 985 1140 satisfecisse,
1006 1055 1103 1123 facile
1120 1057 1347 1143 intellegimus,
1364 1077 1464 1141 quam

312 1164 353 1229 ob
380 1180 508 1228 causam
536 1160 630 1227 huius
652 1160 699 1227 rei
720 1160 893 1227 inusitatae
917 1164 1014 1242 atque
1035 1157 1199 1226 inauditae
1222 1163 1337 1228 testem
1358 1161 1465 1247 ipsum

312 1264 617 1332 commemoraverit.

397 1364 472 1449 Sed,
495 1372 530 1433 ut
551 1385 693 1451 pergam,
714 1364 824 1450 paullo
846 1366 920 1448 post
942 1362 1181 1430 narratiuncula
1202 1363 1355 1448 seqnitur,
1378 1383 1464 1446 quae

312 1468 482 1536 caesarem
511 1467 767 1545 ,indifferentem
795 1464 880 1531 circa
907 1463 1047 1531 victum“
1077 1462 1347 1550 doceat(c.17),
1378 1485 1464 1548 quae

310 1568 423 1636 fabula
445 1574 495 1634 est
516 1566 603 1654 apud
619 1565 805 1634 Suetonium
821 1584 948 1648 quoque
964 1565 1045 1634 Gaio
1061 1565 1167 1652 Oppio
1188 1566 1338 1636 dilucidis
1354 1568 1464 1636 verbis

311 1677 392 1738 teste
415 1670 514 1737 allato
538 1668 582 1751 (d.
605 1669 663 1735 lul.
681 1667 745 1752 53).
789 1667 956 1752 Excipitur
979 1666 1116 1750 denique
1139 1667 1220 1734 haec
1241 1667 1352 1736 fabula
1372 1668 1463 1754 apud

312 1772 517 1839 Plutarchum
545 1773 664 1855 altera,
691 1770 725 1835 in
748 1788 827 1854 qua,
856 1773 892 1835 ut
918 1769 965 1836 ita
986 1769 1107 1854 dicam,
1138 1769 1173 1836 0.
1196 1768 1320 1854 Oppius
1341 1771 1464 1855 primas

310 1879 418 1958 partes
441 1873 509 1957 agit
521 1878 552 1950 1).
597 1873 689 1941 Hanc
708 1870 806 1954 igitur
828 1870 972 1938 eiusdem
996 1890 1068 1938 csse
1090 1870 1196 1958 Oppii,
1220 1873 1291 1956 quis
1313 1877 1362 1937 est
1384 1872 1462 1953 quin

310 1976 509 2062 suspicetur?

395 2080 508 2163 ltaque
529 2077 742 2159 fragmentum
771 2097 811 2143 en
840 2077 967 2160 scriptis
990 2076 1025 2144 O.
1048 2075 1146 2161 Oppii
1166 2074 1331 2143 habemus.
1376 2078 1462 2143 Nam

310 2178 466 2264 Oppium,
489 2178 517 2244 si
538 2199 602 2246 non
624 2178 725 2244 vitam
746 2177 896 2245 (laesuris
918 2177 1112 2265 composuit,
1135 2177 1177 2244 de
1199 2177 1338 2245 Caesare
1360 2177 1460 2262 scrip-

309 2281 390 2348 sisse
413 2286 659 2348 consentaneum
683 2288 747 2364 est,
771 2300 841 2347 cum
865 2279 1037 2348 Suetonius
1065 2281 1116 2347 bis
1139 2299 1212 2346 eum
1233 2280 1310 2346 citet
1330 2280 1375 2364 (d.
1398 2281 1460 2346 lul.

310 2387 366 2468 52;
390 2382 455 2469 53).
504 2382 597 2450 (lerto
621 2383 738 2449 scimus
760 2402 833 2448 eum
855 2383 957 2448 vitam
979 2381 1123 2448 Africani
1145 2380 1274 2449 maioris
1296 2380 1393 2465 (Geli.
1417 2381 1460 2447 N.

310 2486 348 2549 A.
367 2485 409 2550 VI
434 2490 461 2568 1,
478 2483 527 2568 2),
551 2483 654 2550 Cassii
675 2480 812 2565 (Charis.
835 2481 884 2550 ed.
907 2484 981 2550 Keil
1004 2485 1019 2549 l
1039 2504 1071 2568 p.
1091 2489 1159 2569 147,
1175 2482 1224 2569 3),
1246 2483 1339 2550 Marii
1362 2481 1460 2567 (Plin.

310 2606 340 2650 n.
364 2586 394 2650 h.
417 2585 465 2650 XI
481 2590 538 2668 45,
563 2590 623 2649 104
646 2583 696 2650 ed.
719 2583 845 2668 Sillig),
871 2584 988 2651 librum
1015 2585 1154 2668 denique
1182 2585 1364 2668 confecisse,
1395 2603 1459 2666 quo

310 2686 560 2768 demonstrabat,
577 2706 661 2764 ,non
676 2705 748 2752 esse
764 2686 910 2752 Caesaris
924 2686 1035 2772 filium,
1052 2705 1147 2769 quem
1162 2686 1335 2772 Cleopatra
1350 2685 1437 2752 dicat
1446 2691 1460 2720 “

309 2789 410 2874 (Suet.
434 2787 464 2854 d.
480 2788 538 2855 Iul.
555 2787 619 2874 52).
664 2789 840 2856 Peuffelius
862 2787 912 2872 (lt.
934 2791 989 2855 L.³
1009 2811 1040 2875 p.
1065 2793 1137 2874 372,
1160 2788 1194 2874 3)
1216 2809 1289 2857 eum
1311 2788 1460 2856 (laesuris

308 2910 436 2974 quoqne
464 2890 564 2958 vitam
592 2893 809 2977 composuisse
839 2891 1002 2960 concludit
1030 2911 1049 2958 e
1071 2911 1141 2975 cap.
1168 2896 1205 2958 10
1234 2889 1344 2975 (med.)
1370 2891 1460 2958 vitae

307 2992 457 3075 Pompei,
488 2992 542 3078 qui
570 2994 660 3059 locus
681 2999 787 3060 umen
808 2992 843 3059 id
864 3015 928 3060 non
950 2992 1083 3061 evincit:
1113 2991 1230 3060 evincit
1250 2992 1459 3060 Plutarchum

307 3091 448 3176 Oppium
470 3093 630 3176 cognitum
653 3093 814 3160 habuisse.
824 3092 851 3177 ι)

392 3194 479 3277 Iam,
509 3198 544 3258 ιιι
565 3213 752 3279 pergamus,
780 3194 901 3262 Caesar
928 3213 1031 3278 paene
1059 3195 1093 3260 in
1115 3195 1262 3263 omnibus
1284 3196 1379 3263 rebus
1401 3196 1460 3262 do·

307 3294 448 3361 mesticis
470 3295 504 3363 O.
520 3293 616 3381 Oppii
639 3317 737 3382 opera
758 3298 915 3365 utebatur.
944 3298 1037 3364 Anno
1059 3302 1119 3363 700
1135 3317 1164 3365 a.
1179 3317 1221 3381 ιι.,
1243 3296 1299 3364 ubi
1319 3298 1459 3382 primum

396 3450 418 3511 1)
436 3447 558 3503 Eandem
577 3447 722 3503 Suetonius
740 3455 834 3502 narrat
851 3448 885 3514 (d.
904 3447 954 3501 lul.
970 3450 1021 3514 72).
1056 3447 1163 3501 Fabula
1180 3447 1249 3502 haec
1267 3453 1375 3517 (sequor
1391 3447 1458 3501 Plu-

305 3531 432 3586 tarchum
455 3549 478 3587 c.
504 3537 533 3586 ιι
557 3538 649 3600 extri:
677 3533 708 3586 ln
734 3533 830 3587 itincre
859 3533 995 3601 quondam
1020 3535 1182 3601 tempestate
1209 3531 1332 3601 oppressi
1356 3531 1460 3586 oaesar

306 3618 471 3685 comitesque
488 3617 546 3672 eius
565 3633 627 3672 cum
643 3617 672 3671 in
690 3633 781 3672 casam
797 3617 958 3672 incidissent
974 3622 1031 3671 tam
1049 3617 1181 3686 exiguam,
1200 3621 1229 3672 ut
1246 3617 1291 3671 vix
1307 3632 1390 3671 unum
1409 3631 1457 3670 ca-

305 3705 396 3769 peret,
421 3700 521 3756 Caesar
539 3701 636 3756 Gaium
655 3701 785 3771 Oppium,
809 3701 881 3770 quod
904 3701 1011 3757 infirma
1028 3702 1180 3757 valetudine
1201 3706 1332 3769 uteretur,
1350 3701 1457 3756 intrare

305 3786 392 3853 iussit,
410 3785 470 3855 ipse
488 3789 578 3840 autem
596 3785 732 3855 ceterique
750 3787 801 3841 snb
819 3786 879 3841 divo
902 3787 1062 3841 cubuerunt.
1263 3797 1266 3802 ·

391 3874 416 3937 2)
435 3868 514 3924 Γάϊος
525 3868 556 3924 dd
568 3867 683 3925 Ὄππιος
695 3865 709 3922 ὁ
722 3875 859 3941 Καίσαρος
871 3871 976 3943 ἑταῖροι
987 3866 1190 3939 ἀπανθρώπως
1202 3875 1268 3941 φησι
1283 3875 1329 3923 καὶ
1342 3865 1475 3936 Κοΐντῳ“
1597 3935 1598 3938 ¹

208 3943 224 3970 ⁴
305 3951 459 4027 Οὐαλλερίῳ
477 3953 635 4028 χρήσασθαι
653 3953 703 4008 τὸν
720 3953 892 4023 Πομπήϊον..
906 3997 912 4008 .
926 3997 931 4009 .
946 3996 952 4008 .
966 3997 971 4009 .
986 3997 992 4010 .
1008 3952 1080 4008 Ἀλλ’
1098 3951 1206 4020 Ὀππίῳ
1224 3959 1284 4023 μέν,
1305 3950 1373 4008 ’όταν
1391 3959 1457 4026 περὶ

303 4042 363 4093 τῶν
380 4044 517 4112 Καίσαρος
538 4038 678 4108 πολεμίων
695 4035 712 4106 ἢ
734 4037 824 4111 φίλων
841 4037 1012 4112 διαλέγηται,
1036 4035 1144 4109 σφόδρα
1166 4036 1208 4092 δεῖ
1228 4035 1368 4118 πιστεύειν
1383 4038 1456 4108 μετὰ

303 4122 451 4191 εὐλαβείας.

1591 4 1600 249 l

1593 283 1600 490 l

1597 1175 1600 1382 l
