3202 4862
327 364 388 426 310
765 365 897 433 Georgius
920 365 1041 420 Thouret

326 543 439 622 ltaque
465 541 653 620 Obsequens
678 540 758 604 nulli
779 537 872 604 nobis
895 557 965 604 esse
987 544 1092 621 potest
1113 538 1193 621 usui,
1216 537 1278 604 nisi
1301 539 1371 619 quis
1395 559 1487 606 com-

326 643 525 726 probaverit,
559 642 696 708 Dionem
724 640 775 705 his
804 641 883 706 loeis
911 639 1096 705 Ciceronem
1129 646 1272 706 secutum
1302 661 1365 707 non
1399 663 1486 709 esse

328 745 458 811 Summo
487 749 594 809 autem
623 743 655 808 in
686 761 791 807 errore
820 746 967 806 versatur
989 740 1208 824 Crasshofius,
1238 762 1310 808 cum
1339 762 1487 810 errorem

328 847 488 928 quendam
511 851 543 912 et
564 843 728 910 Plutarchi
751 848 783 908 et
799 843 911 909 Dionis
933 862 975 908 ex
991 843 1082 909 Livio
1098 849 1206 908 natum
1223 863 1293 910 esse
1310 845 1486 912 ostendere

327 957 467 1016 conatur.
512 949 762 1030 Argumentatur
784 944 868 1010 enim
890 943 975 1011 hunc
995 946 1029 1009 in
1052 943 1180 1011 modum
1201 944 1333 1030 (p.16):
1354 947 1484 1011 Plutar-
1578 965 1579 970 ¹

327 1051 404 1117 chus
421 1057 453 1116 et
467 1050 530 1114 Dio
547 1054 662 1129 errant,
679 1046 765 1127 quod
781 1046 897 1129 dicunt,
913 1053 1100 1112 senatum
1115 1047 1289 1114 iussisse
1306 1047 1485 1114 Catilinam
1578 1045 1579 1056 ’

328 1151 368 1217 de
390 1151 468 1226 urhe
498 1147 654 1216 decedere
683 1147 779 1232 (Plut.
796 1149 861 1214 Cic.
880 1153 938 1232 163·
957 1147 1020 1214 Dio
1043 1151 1094 1231 37,
1110 1151 1161 1231 33,
1181 1148 1220 1231 1).
1264 1149 1302 1212 In
1328 1151 1486 1233 periocha

326 1254 396 1320 Liv.
416 1257 475 1319 102
499 1252 634 1336 legimns
649 1251 731 1316 haec
747 1251 862 1316 verba:
885 1248 1046 1326 „Catilina
1067 1251 1146 1316 urbe
1168 1250 1261 1334 pulso
1285 1249 1326 1316 de
1346 1252 1484 1332 reliquis

327 1356 499 1422 coniuratis
521 1352 713 1438 supplicium
736 1357 897 1436 sumptum
919 1356 999 1435 est“,
1022 1389 1064 1398 -
1086 1372 1162 1436 ergo
1185 1354 1282 1418 etiam
1298 1353 1409 1419 Livius
1431 1375 1483 1420 er·
1555 1351 1558 1358 ’

195 1451 200 1460 ’
327 1459 420 1524 ravit.
456 1456 575 1524 Contra
597 1454 767 1520 Sallustius
790 1460 875 1519 recte
895 1453 1017 1520 iudicat
1040 1453 1122 1536 (Cat.
1140 1454 1205 1536 32),
1228 1455 1399 1520 Catilinam
1421 1477 1482 1522 suo

328 1558 459 1623 arbitrio
481 1556 514 1621 in
537 1561 642 1621 castra
665 1555 775 1620 Manlii
797 1557 973 1639 proiectum
997 1575 1076 1621 esse.
1121 1556 1211 1634 Quae
1234 1577 1306 1623 oum
1332 1557 1379 1624 ita
1407 1559 1483 1641 sint,

328 1660 397 1724 veri
419 1659 522 1724 simile
545 1663 611 1740 est,
640 1657 768 1722 Livium
789 1657 910 1722 iontem
932 1662 964 1722 et
986 1658 1152 1722 Plutarchi
1175 1665 1207 1724 et
1228 1659 1342 1725 Dionis
1371 1660 1482 1726 inisse.

414 1760 480 1832 Sed
501 1759 639 1842 primnm
666 1779 749 1841 nego
778 1758 879 1823 verba
905 1759 962 1824 illa
990 1759 1175 1843 periochae:
1212 1760 1373 1837 ,Catilina
1400 1761 1482 1828 urbe

328 1862 441 1947 pulso“
464 1861 653 1946 significare,
677 1860 709 1926 S.
733 1861 767 1926 C.
790 1861 822 1925 in
845 1879 918 1925 eam
940 1862 1130 1926 sententiam
1152 1863 1286 1944 iactum;
1313 1883 1388 1927 nam
1409 1862 1482 1946 ipse

329 1963 450 2047 Cicer0,
473 1965 612 2048 optimus
635 1963 737 2044 testis,
759 1961 837 2026 dicit
859 1959 1100 2045 (Cat.H1,l):
1126 1961 1292 2047 (Catilina)
1316 1984 1409 2040 „cnm
1431 1971 1482 2029 est

329 2087 370 2133 ex
384 2067 462 2134 urbe
478 2066 661 2149 depulsus“.
693 2065 806 2144 Itaque
820 2085 884 2129 non
898 2064 1061 2147 intellego,
1084 2085 1139 2130 cur
1161 2071 1337 2132 statuamus
1353 2065 1481 2131 Livium

329 2187 462 2233 errasse.
500 2164 626 2232 Deinde
642 2185 861 2249 comparemus
876 2166 1084 2231 Plutarchum
1106 2171 1138 2232 et
1153 2167 1298 2251 Dionem,
1323 2186 1402 2248 quos
1424 2167 1481 2232 uni

329 2267 497 2349 eidemque
520 2269 618 2334 errori
641 2267 767 2333 deditos
790 2267 994 2333 Crasshofius
1020 2267 1197 2333 existimat:

413 2370 476 2436 Dio
499 2374 549 2454 37,
566 2373 621 2435 33:
646 2372 850 2455 μεταστῆναι
871 2363 890 2455 ἡ
913 2374 1069 2454 γερουσία
1091 2366 1149 2434 τὸν
1170 2369 1354 2436 Κατιλίναν
1376 2367 1481 2456 ἐψη-

329 2477 500 2559 φίσατο·
536 2471 622 2536 Sane
644 2470 705 2536 hoc
727 2477 776 2536 est
797 2478 927 2536 senatus
950 2472 1136 2538 consultum.
1556 2483 1563 2498 ’

413 2573 495 2638 Plut.
519 2572 583 2638 Cic.
608 2575 662 2636 16:
692 2563 874 2657 ἀρξάμενος
897 2570 933 2636 δὲ
962 2573 1067 2657 λέγειν
1094 2571 1150 2656 (sc.
1174 2574 1326 2658 Catilina)
1357 2571 1480 2661 ἐθορυ-

327 2676 490 2758 platterat
509 2675 602 2750 τέλος
625 2665 770 2750 αναστὰς
793 2667 977 2759 ὁΚικέρων
999 2673 1199 2760 αραςέταξεν
1222 2667 1312 2760 αὐτῷ
1334 2678 1392 2762 τῆς
1414 2674 1479 2740 πό·
1581 2709 1582 2726 r

329 2769 412 2855 λαως
436 2768 726 2843 ἀπαλλάττεσθαι.

414 2881 499 2946 Num
521 2880 582 2946 hoc
605 2877 638 2944 S.
661 2878 720 2944 C?
756 2879 828 2944 Non
852 2880 915 2944 est!
931 2877 952 2963 ¹)
987 2879 1089 2944 Immo
1113 2877 1223 2945 Cicero
1254 2877 1368 2945 consul
1392 2881 1478 2946 exire

329 3004 370 3048 ex
392 2983 471 3047 urbe
493 2982 581 3047 iubet
603 2980 775 3045 Catilinam
804 2978 872 3062 (cir.
896 3000 939 3047 or.
962 2978 1031 3044 Cat.
1054 2979 1115 3063 15,
1133 2983 1186 3045 13:
1221 2982 1309 3047 exire
1331 3003 1372 3048 ex
1401 2983 1478 3048 urbe

328 3083 416 3148 iubet
438 3082 548 3147 consul
573 3080 719 3163 hostem).
763 3082 909 3147 Proiecto
938 3082 1025 3147 solus
1047 3080 1109 3146 Dio
1138 3081 1171 3145 in
1201 3101 1355 3168 errorem,
1384 3103 1478 3165 quem

328 3182 532 3250 Crasshofius
555 3181 640 3266 dicit,
663 3182 772 3266 lapsus
795 3190 853 3248 est.
897 3183 969 3261 Qua
990 3182 1032 3248 de
1053 3203 1088 3248 re
1109 3182 1193 3248 infra
1215 3183 1396 3268 disputabo.

412 3288 481 3352 Iam
504 3285 654 3366 equidem
675 3306 740 3351 non
762 3287 875 3351 vereor
896 3303 1024 3367 negare,
1048 3302 1240 3366 quemquam
1261 3285 1477 3353 demonstrare

328 3407 434 3474 posse,
456 3387 662 3454 Plutarchum
684 3393 717 3453 et
737 3387 876 3454 Dionem
899 3407 940 3452 ex
955 3386 1046 3451 Livio
1069 3385 1224 3452 hausisse.
1263 3387 1329 3454 Sed
1351 3389 1476 3454 omnino

328 3491 408 3556 nihil
429 3491 548 3556 referre
571 3489 720 3555 existimo
743 3507 915 3572 quaerere,
944 3493 1048 3552 utrum
1070 3488 1181 3555 Livius
1203 3489 1273 3555 fons
1300 3490 1341 3554 sit
1367 3510 1475 3556 necne.

329 3594 413 3658 Nam
442 3592 585 3677 protinus
614 3590 831 3672 quaerendum
858 3596 922 3673 est,
951 3589 1036 3656 unde
1058 3589 1169 3656 Livius
1198 3589 1349 3656 hauserit.
1393 3591 1477 3656 Num

329 3694 455 3775 Livius,
480 3698 574 3759 natus
602 3712 631 3759 a.
656 3696 716 3758 695
738 3713 768 3757 u.
792 3713 835 3775 α,
864 3711 915 3758 res
937 3691 1011 3757 anni
1035 3695 1093 3757 691
1119 3713 1148 3758 u.
1172 3713 1198 3757 c.
1221 3693 1403 3758 memoriter
1425 3713 1475 3760 ex-

329 3813 449 3878 ponere
470 3794 596 3878 potuit?
634 3794 792 3872 Quoniam
815 3794 911 3875 igitur
932 3793 1016 3878 libri,
1039 3794 1154 3873 quibus
1176 3793 1342 3860 historiam
1364 3793 1475 3861 aetatis

330 3895 541 3962 Caesarianae
565 3895 760 3979 conseripsit,
783 3896 878 3980 plane
901 3897 1070 3980 perierunt,
1099 3894 1261 3962 mittamus
1282 3896 1410 3961 Livium
1432 3901 1475 3960 at·

419 4116 443 4178 l)
461 4113 547 4167 Miror
565 4114 644 4168 etiam
656 4113 780 4168 lohnium
793 4115 821 4182 (l.
830 4113 848 4167 l.
862 4130 888 4182 p.
899 4117 958 4180 802)
970 4114 1052 4169 verba
1065 4112 1204 4168 Plutarchi
1218 4113 1289 4168 male
1305 4113 1478 4169 intellexisse.
